2694 4866
247 338 250 347 y
296 223 299 226 ⁴
409 268 468 329 ns
492 267 687 330 statana
708 267 922 346 arctura.
1184 284 1223 341 25

127 449 160 505 3,
183 440 243 501 Sed
256 438 336 519 quod
349 439 387 499 ad
400 450 547 501 extremae
559 439 693 500 ordinum
707 441 831 521 syllabas
841 442 956 516 attinet,
969 443 1067 522 plures
1080 447 1216 507 notanda·

91 533 163 585 sum
177 522 295 600 regulae.
337 524 386 582 Ac
405 521 499 600 primo
519 522 631 602 syllaba
649 540 757 601 anceps
776 542 836 581 non
849 524 936 582 habet
956 523 1054 585 locum
1068 526 1099 584 in
1118 527 1215 589 medio

89 603 196 667 ordiam
208 603 368 684 periodico.
410 603 486 662 Nam
500 623 590 683 quum
604 603 676 664 ordo
690 603 865 682 periodicas,
877 605 931 664 etsi
945 623 982 664 ex
997 607 1127 685 pluribus
1138 611 1217 669 ordi·

90 687 179 746 nibus
192 685 381 765 compositus,
392 690 490 746 tamen
504 705 562 746 uno
583 704 706 745 nurnero
719 684 865 759 decurrat,
887 705 1003 766 unaque
1017 707 1054 747 ex
1070 691 1136 764 arsi,
1151 694 1216 770 quoe

91 768 187 848 prima
199 779 255 839 est,
269 766 412 847 pendeat:
433 769 529 827 omnia
542 768 572 826 in
585 767 682 826 medio
703 765 805 828 ordine
819 768 968 848 periodico
988 781 1120 849 tempora
1133 791 1216 832 suam

91 847 146 909 sibi
160 848 285 907 invicem
294 868 457 908 mensuram
469 849 662 922 constituunt,
675 860 869 928 praeterquam
880 849 909 907 in
917 862 1064 930 postremo
1074 863 1217 931 ternpore,

91 931 181 1010 quod,
203 931 283 988 nullo
297 941 437 1010 sequente
451 931 518 1003 alio,
542 950 662 1009 pausam
682 942 749 1008 post
772 951 804 991 se
826 932 924 1004 babet,
945 951 1038 1011 eaque
1052 952 1083 991 re
1103 935 1217 995 facilius

91 1011 218 1090 aliquam
232 1023 374 1070 mensurae
387 1012 607 1090 ambiguitatem
621 1012 759 1072 admittit.
788 1013 931 1092 ltaquein
942 1013 1059 1093 dipodia
1069 1015 1219 1078 trochaica

93 1093 140 1153 rel
152 1093 278 1152 iambica
291 1093 370 1152 finali
382 1113 442 1153 non
455 1094 510 1152 nisi
524 1105 670 1173 postrema
682 1093 793 1172 syllaba
806 1112 914 1175 anceps
928 1107 982 1167 est,

170 1207 325 1273 ..’..υ-.ῦ
525 1207 681 1275 υ-’.υ-Ἓ.

94 1358 151 1400 non
165 1352 265 1401 autem
279 1361 345 1420 quae
357 1339 388 1399 in
402 1340 499 1401 medio
513 1339 615 1399 ordine
628 1352 696 1400 sunt
710 1341 838 1420 syllabae.
880 1342 915 1399 In
929 1361 1014 1402 versu
1028 1342 1220 1422 ithyphallico

93 1421 201 1495 autem,
224 1423 328 1502 quiex
347 1423 440 1495 tribus
465 1420 599 1482 trochaeis
620 1440 679 1481 uno
703 1422 805 1483 ordine
829 1424 979 1501 periodico
1005 1426 1221 1503 comprehensis

94 1515 216 1572 constat,
232 1505 270 1563 ob
285 1503 315 1562 id
328 1503 421 1583 ipsum
437 1523 505 1577 non,
521 1502 597 1562 utin
612 1502 645 1562 iis
660 1504 816 1563 trochaicis
829 1505 969 1576 versibus,
979 1506 1029 1583 qui
1042 1525 1081 1565 ex
1095 1506 1221 1586 dipodiis
1323 1563 1330 1570 .

95 1583 247 1664 compositi
260 1597 337 1656 sunt,
353 1596 466 1664 quarta,-
480 1584 533 1644 sed
546 1594 631 1645 sexta
645 1582 763 1644 demum
777 1584 888 1664 syllaba
902 1605 1010 1666 anceps
1023 1599 1076 1656 est,

174 1729 414 1765 ...vau-v

100 1833 210 1892 Contra
222 1816 269 1892 'vel
282 1852 358 1892 unus
372 1833 516 1893 trocheus
536 1824 625 1894 hahet
639 1834 778 1974 syllabam
800 1836 967 1916 ancipitem,
984 1834 1034 1894 ubi
1048 1838 1120 1894 ordo
1134 1847 1174 1897 ex
1188 1855 1226 1897 eo

99 1913 226 1974 trochaeo
239 1913 302 1974 solo
316 1926 442 1989 constat,
458 1926 490 1974 ut
503 1916 532 1972 in
547 1936 632 1976 versu
675 1916 828 1995 upolideor

174 2028 586 2114 v-lssclssuv-{v
645 2029 884 2114 ΙὲῦΙ-’.υ-

136 2168 168 2224 da
184 2162 305 2225 Deinde
319 2154 382 2224 alite
395 2165 513 2246 syllabae
527 2165 669 2243 ancipites
683 2175 796 2223 tantum
817 2164 848 2221 in
862 2164 920 2223 fine
934 2181 1044 2234 versus,
1058 2163 1122 2221 aliae
1136 2161 1224 2221 etiam

104 2243 238 2304 in'medio
252 2264 347 2317 versu,
362 2258 393 2306 et
407 2249 453 2306 hae
473 2247 590 2328 quidem
605 2257 655 2306 aut
670 2245 700 2303 in
713 2246 775 2304 solo
796 2246 853 2304 fine
867 2244 1011 2314 vocabuli,
1027 2244 1178 2303 autetiam
1192 2243 1223 2300 in
1253 2289 1255 2293 ,

106 2326 195 2386 medio
210 2328 363 2402 vocabulo,
378 2328 475 2388 locum
490 2330 650 2389 inveniunt.

89 2429 91 2433 ’
140 2411 168 2467 5.
189 2409 292 2486 Atque
316 2408 346 2465 in
359 2409 422 2466 solo
437 2410 494 2466 fine
514 2411 614 2466 versus
635 2410 705 2466 arsis
725 2408 885 2481 trochaica,
907 2418 939 2467 et
952 2408 1086 2467 ultimum
1109 2404 1225 2466 theseos

109 2485 255 2568 dactylicos
268 2498 384 2568 tempus
398 2507 506 2567 anceps
520 2499 578 2548 estr

178 2593 206 2648 ri
220 2591 273 2669 γιὶς
288 2593 398 2648 παλαιῶν
407 2588 503 2670 ’Ἂςγος
519 2588 633 2656 ἆύπᾶθυς
646 2585 710 2648 alh.

179 2675 226 2729 sud
239 2672 336 2740 diceas
350 2671 416 2752 igitar
430 2662 641 2737 ἓνσπαιπιίλους.

110 2763 178 2826 Nam
200 2767 275 2826 areis
285 2767 446 2839 trochaica,
459 2767 592 2827 ordinem
611 2766 724 2837 liniens,
740 2776 779 2826 ne·
791 2766 821 2825 in
842 2764 939 2826 medio
952 2777 1037 2824 versu
1056 2775 1165 2845 anceps
1177 2764 1225 2837 sit,

109 2855 136 2906 et
147 2845 277 2909 debilitas
298 2848 434 2927 probibet
447 2868 545 2909 arseos
565 2846 732 2920 trochaicae,
747 2860 777 2908 et
792 2867 893 2926 pausa,
908 2866 972 2926 quae
996 2844 1085 2906 inhia
1099 2846 1226 2905 numeria

110 2925 137 2985 in
147 2927 221 2989 thesi
233 2931 343 3008 potius,
355 2950 442 3008 quam
462 2931 492 2989 in
513 2930 570 2988 arsi
583 2929 645 2989 lieri
659 2929 734 2989 solet
744 2953 761 2989 a·
772 2930 827 2988 nisi
842 2929 947 2988 Plauto
968 2939 1052 2988 secus
1066 2928 1157 2985 visum
1173 2937 1227 2986 est.

110 3006 142 3064 In
154 3007 304 3089 dactylicis
318 3023 416 3070 autem
430 3011 593 3070 volubilitas
607 3010 720 3069 numeri
733 3010 854 3069 nimium
868 3020 1009 3089 quantum
1028 3009 1226 3088 impediretur,

111 3087 132 3146 ti
144 3089 278 3150 Creticus
291 3091 426 3151 decursui
440 3111 542 3151 eorum
555 3111 666 3150 moram
681 3091 831 3171 objiceret.

145 3175 172 3230 6.
193 3171 230 3231 In
243 3172 340 3232 medio
354 3192 438 3232 versu
452 3185 550 3232 autem
563 3169 720 3251 medioque
734 3173 763 3229 in
774 3171 917 3232 vocabulo
931 3171 1088 3250 ancipitem
1101 3171 1228 3230 admittit

112 3248 192 3310 thesis
205 3253 252 3312 vel
267 3255 413 3312 anacrusis
426 3267 615 3314 numerorum
629 3253 854 3326 trochaicorum,
876 3253 1043 3332 pariterque
1057 3253 1150 3311 thesis
1165 3252 1229 3310 Do-

111 3329 230 3392 ricorum
244 3335 437 3412 epitritorum,
452 3335 507 3395 etsi
520 3336 584 3395 haec
598 3334 717 3414 quidem
731 3335 818 3395 certis
832 3344 947 3394 tantum
960 3333 1188 3394 conditionibus:

181 3431 323 3500 Διοσδὸτσις
337 3437 485 3517 adoream
498 3435 709 3513 aspar-oolam».

181 3518 218 3592 με’
230 3541 282 3591 μιν,
298 3513 320 3574 ri
332 3523 436 3588 Mam,
450 3517 580 3590 φυγὲξινον
594 3518 711 3599 orgari»,

112 3608 163 3669 llis
182 3611 319 3672 addenda
331 3625 375 3673 est
398 3615 468 3674 arsis
483 3627 617 3695 utraque,
643 3634 729 3694 quam
743 3615 773 3673 in
786 3613 848 3673 basi
872 3631 935 3672 esse
958 3611 1099 3682 videmus,
1114 3601 1151 3668 tle
1172 3628 1230 3688 qua

114 3689 220 3752 dicetur
233 3693 308 3753 libro
323 3689 365 3755 11.
378 3715 442 3774 cap.
457 3702 486 3758 24
887 3744 899 3753 .

148 3776 175 3836 7.
196 3775 291 3834 Porro
306 3775 336 3832 in
350 3777 447 3836 medio
460 3790 545 3837 versu
559 3777 687 3854 quidem,
703 3776 754 3835 sed
768 3776 798 3833 in
812 3776 871 3833 line
885 3786 999 3834 tantum
1012 3771 1146 3832 vocabuli
1161 3772 1232 3830 arsis

89 3878 91 3885 ·
114 3852 318 3935 dactylicorum
333 3869 363 3916 et
377 3859 524 3917 interdum
538 3860 707 3917 eorumdem
725 3858 814 3922 thesis
827 3857 985 3937 spondiaco
998 3855 1136 3933 syllabam
1151 3855 1232 3912 anci-

113 3935 194 4012 pitem
218 3936 374 4017 recipiunt.
416 3939 457 3999 Et
470 3940 541 3999 arsis
565 3940 691 4018 quidem,
718 3941 866 4079 quamsit
889 3939 981 3998 multo
1004 3936 1108 3994 sortior
1131 3935 1161 3993 in
1174 3935 1230 4019 his,

114 4034 191 4094 quam
204 4017 236 4076 in
250 4019 397 4093 trochaeis,
411 4021 480 4080 satis
494 4021 600 4080 idonea
613 4021 651 4080 ad
670 4039 724 4100 pro
746 4021 893 4081 actionem
914 4019 1096 4078 existimatur
1110 4034 1231 4096 praser-

116 4097 160 4157 tirn
174 4118 265 4178 pausa
279 4101 460 4163 accedente:
1284 4096 1288 4105 ’

183 4194 302 4282 fferre
316 4199 442 4283 Πςιιίμοιο
455 4202 538 4273 aeo'hn,
549 4200 576 4262 tii
589 4201 612 4262 δ’
625 4196 705 4262 olaal'
720 4200 829 4262 iniciat.

118 4289 242 4376 Eamque
256 4297 294 4356 ob
308 4316 439 4381 caussam
453 4300 624 4379 plerumque
644 4298 675 4357 in
688 4299 722 4359 iis
736 4299 869 4378 pedibus,
891 4297 941 4375 qui
955 4309 1072 4355 caesurae
1091 4292 1233 4353 faciendae
