2694 4866
114 317 154 375 48
214 309 306 371 -L1B.
327 306 368 369 11.
391 306 484 369 cAP.
504 304 559 366 IV.
574 305 637 375 DE
660 304 847 368 Nuus-no
869 306 1133 401 TRocHaIcO.

113 479 234 540 eosdem
246 479 328 553 locos
340 488 451 537 tenent.
492 475 568 549 Nam
589 476 668 555 quod
682 476 861 555 grammatici
876 487 956 535 recte
970 495 1038 536 sane
1052 478 1173 556 praecipi

115 559 279 620 trochaicus
308 578 407 618 versus
430 558 460 616 in
484 557 602 636 paribus
625 556 708 628 locis,
736 576 809 635 quos
836 557 934 616 Latini
961 558 1091 616 sinistros
1119 579 1175 618 voc

115 641 254 700 iambicos
274 651 371 699 autem
392 639 421 698 in
446 639 613 718 imparibus,
637 657 708 716 quos
731 638 772 696 illi
795 638 916 697 dextros
939 639 1051 710 dicunt,
1074 641 1175 717 spond«

115 720 279 793 udmittere,
302 720 333 780 id
346 740 400 780 cur
420 721 461 779 ita
475 720 522 790 sit,
536 720 578 778 sic
602 718 719 779 demum
733 732 862 798 apparet,
887 721 911 778 si
926 732 1063 798 utrosque
1084 740 1175 779 versu

115 805 193 864 idem
206 822 299 881 genus
313 802 430 861 referas.
471 799 612 871 Itaenim,
628 820 693 878 quae
703 801 829 859 maxima
840 800 988 860 diversitas
1002 820 1064 859 esse
1073 802 1175 861 videbo

115 884 270 945 maximam
284 884 503 944 consensionem
517 901 580 941 esse
599 882 753 960 intelliges.
794 882 870 941 Nam
886 903 974 960 quum
998 883 1028 938 in
1042 883 1146 940 mediis
1159 903 1175 940 c

115 966 199 1027 mbos
223 964 295 1024 nihil
319 983 440 1042 usquam
464 963 554 1043 possit
582 963 748 1042 ambiguum
773 983 846 1035 esse,
871 963 922 1023 scd
952 974 1064 1022 tanturn
1088 983 1175 1023 anacr

113 1046 322 1126 monosyllaba,
333 1057 364 1104 et
376 1045 441 1103 finis
455 1045 562 1103 ordinis
582 1043 738 1122 ancipitem
752 1044 883 1122 recipiat,
898 1045 1114 1122 comparatione
1130 1058 1175 1103 utr

114 1149 172 1210 que
186 1127 300 1207 generis
313 1126 402 1198 sacto,
416 1125 534 1186 eosdem
548 1127 577 1184 in
592 1138 717 1204 utroque
737 1125 818 1186 locos
832 1125 988 1206 ancipitem
1002 1125 1110 1186 habere
1125 1126 1175 1185 clar

113 1222 168 1281 est,
182 1210 243 1269 sive
256 1209 298 1267 sic
309 1207 429 1282 dividas,

234 1321 740 1406 ssu431ssu-vlssu-v

204 1438 715 1521 u-u-lev-lvssu..

112 1575 172 1616 slve
185 1556 238 1632 sic,

235 1674 404 1758 'Lu-n
432 1703 580 1738 ..υ-..υ
608 1703 756 1738 ..υ-υ

205 1836 408 1921 clla-u
433 1837 584 1901 Lu-n·
609 1870 734 1901 -υ-
776 1852 787 1883 ”

113 1936 210 2018 Quod
222 1951 246 2011 si
260 1952 310 2030 qui
330 1952 481 2031 objiciunt,
502 1964 533 2012 et
553 1952 680 2011 indolem
701 1952 851 2031 utriusque
871 1953 984 2022 numeri
999 1955 1175 2014 diversame

113 2043 145 2093 et
158 2033 322 2098 libertatem
342 2035 372 2091 in
391 2033 515 2093 iambico
535 2034 685 2112 majorem,
706 2053 792 2112 quam
806 2035 836 2091 in
856 2035 1013 2101 trochaico,
1030 2036 1168 2095 concedi:

112 2113 185 2194 illud
198 2114 315 2193 quidem
325 2134 435 2187 verum,
449 2115 502 2174 sed
511 2127 625 2175 tantum
633 2117 725 2185 abest,
739 2127 773 2174 ut
785 2115 999 2175 id‘labefactare
1009 2117 1098 2195 possit
1108 2129 1175 2175 nost

113 2197 299 2269 sententiam,
321 2209 353 2255 ut
367 2216 431 2256 eam
446 2197 537 2276 magis
551 2196 712 2256 confirmet.
754 2197 831 2255 Nam
845 2196 874 2253 in
888 2198 1037 2257 trochaico
1051 2218 1175 2269 numero1

113 2296 171 2356 quo
184 2277 261 2337 idem
282 2278 354 2337 ordo
367 2278 397 2336 in
418 2298 533 2358 quaque
553 2279 671 2356 dipodia
690 2278 802 2356 integer
822 2278 972 2355 repetitur,
994 2280 1031 2337 ob
1046 2279 1123 2337 hanc
1143 2281 1175 2356 ipr

85 2397 87 2401 ν
113 2358 246 2416 ordinum
256 2359 389 2418 omnium
409 2359 625 2417 similitudinem
646 2363 737 2438 major
757 2358 934 2438 aequabilitas
954 2373 1009 2430 est,
1024 2379 1089 2438 quoe
1110 2379 1175 2438 augi

112 2458 160 2509 eo,
185 2438 263 2517 quod
284 2458 379 2517 neque
400 2437 546 2496 anacrusis
569 2438 662 2509 adest,
685 2441 749 2518 quae
773 2439 904 2498 intendat
927 2439 985 2498 vim
1003 2441 1130 2512 numeri,
1144 2453 1175 2500 'el

111 2517 208 2577 thesin
222 2529 332 2577 exeunt
352 2516 478 2585 ordines,
493 2519 543 2596 qui
562 2519 655 2577 lenior
668 2531 713 2577 est
733 2519 807 2591 finis,
828 2540 914 2599 quam
934 2521 958 2579 si
972 2521 1001 2579 in
1021 2521 1077 2580 arsi
1098 2524 1175 2581 terml

110 2610 220 2658 rentur.
260 2599 373 2658 Contra
385 2598 509 2657 iambica
522 2598 639 2677 dipodia
652 2601 741 2658 semel
764 2612 877 2660 tantum
892 2601 1008 2661 mollem
1022 2601 1104 2660 illum
1116 2601 1174 2682 ped

52 2705 54 2708 ·
110 2680 282 2750 trocheum,
296 2678 470 2740 audiendum
485 2681 606 2758 praebet,
621 2692 818 2760 praetereaque
829 2700 887 2739 non
898 2681 984 2740 modo
995 2683 1148 2741 anacrusin
1161 2703 1175 2761 p

110 2760 225 2821 missam
249 2761 348 2833 habet,
363 2780 428 2840 quae
449 2760 528 2834 facit,
551 2772 584 2820 ut
604 2763 674 2820 arsis
700 2761 805 2822 deinde
829 2765 938 2839 majore
958 2762 1023 2821 nisu
1044 2763 1175 2841 ingredia

112 2843 165 2903 sed
178 2841 310 2902 etiam'in
324 2842 400 2900 arsin
416 2842 486 2910 exit,
508 2843 658 2922 abruptius
671 2842 701 2900 in
721 2842 782 2901 ictu
803 2842 972 2902 consistens.
1016 2844 1097 2903 Hinc
1118 2864 1173 2902 non

111 2925 228 2995 mirum,
242 2925 381 3000 majorem
401 2940 523 2982 numero
546 2924 697 2983 trochaico
717 2924 746 2980 in
761 2923 862 2983 iambis
883 2924 1045 2984 libertatem
1065 2945 1175 2984 conces

111 3022 286 3082 esse,2quam
299 3004 329 3061 in
353 3002 507 3062 trochaicis
529 3005 667 3063 versibus.
709 3005 758 3075 Et,
783 3024 840 3082 quo
855 3004 946 3082 magis
971 3018 1175 3083 appareat,ve1

110 3104 185 3156 esse,
200 3083 280 3162 quod
292 3084 423 3153 dicimus,
440 3084 507 3144 dats
520 3084 583 3144 haec
595 3085 713 3145 libertas
726 3086 760 3144 iis
771 3098 882 3144 tantum
897 3086 1026 3144 iambicis
1037 3088 1165 3146 versibus

111 3165 162 3246 qui
172 3173 227 3244 per
239 3165 377 3225 iambicus
390 3175 423 3224 ut
435 3166 590 3244 plurimum
601 3166 731 3247 dipodias
741 3166 891 3236 incedunt,
904 3167 981 3244 quod
995 3167 1028 3226 fit
1036 3169 1066 3225 in
1077 3189 1175 3227 comoer

110 3257 169 3306 non
184 3246 271 3307 etism
296 3246 364 3306 dats
377 3257 421 3306 est
432 3248 463 3305 in
483 3248 636 3326 tragoedia,
660 3260 691 3307 et
704 3248 733 3306 in
754 3247 1026 3327 iambographorum
1039 3251 1175 3323 versibus,

111 3329 161 3408 qui
173 3328 345 3409 plerumque
358 3327 513 3388 trochaicis
526 3329 675 3389 ordinibus
686 3329 909 3407 distinguantur,

191 3442 711 3528 va-ulssv-ulssv...

113 3594 207 3654 eoque
227 3575 314 3645 etiam
334 3577 528 3641 trochaeorum
548 3575 773 3655 aequabilitatem
786 3596 957 3638 conservare
977 3579 1114 3640 debeant.
1153 3581 1175 3645 (l

111 3656 174 3735 ipsa
184 3656 235 3715 illa
256 3657 434 3718 comicorum
454 3677 588 3717 versuum
601 3658 720 3718 licentia
733 3679 773 3718 ex
793 3671 875 3738 parte
889 3660 930 3717 ita
943 3673 1111 3736 comparata
1124 3672 1175 3730 est,

112 3737 255 3816 quaedam,
271 3758 336 3818 quae
347 3759 388 3798 ex
409 3740 663 3819 grammaticorum
677 3740 810 3820 doctrina
832 3740 912 3799 licita
925 3760 988 3800 esse
1002 3740 1153 3814 deberent,
1172 3761 1175 3797 r

112 3817 169 3877 sint
182 3819 271 3889 licita,
287 3819 354 3895 quia
363 3820 512 3881 trochaico
525 3841 647 3881 numero
661 3833 843 3901 repugnant;
860 3823 916 3881 alia
929 3832 1037 3893 cirtem,
1048 3843 1114 3901 quae
1127 3843 1163 3880 ex

1 3908 3 3914 '
52 3931 54 3936 ·
114 3897 247 3958 doctrina
270 3899 370 3958 illicita
389 3913 466 3971 sunt,
485 3913 629 3981 usurpata
648 3904 838 3982 reperiantur,
861 3904 928 3982 quis
948 3910 1175 3963 consentaneas

114 3994 235 4039 munero
250 3980 408 4042 trochaico.
448 3982 510 4041 Sed
523 3983 586 4043 hoec
599 4004 653 4043 suo
665 3984 732 4044 loco
746 3987 1058 4044 commemorabuntur.

60 4106 63 4114 .
156 4065 184 4120 3.
213 4062 377 4121 Cnnmcos
401 4081 500 4121 versus
520 4065 703 4142 grammatici
722 4067 764 4125 ad
786 4066 949 4145 poeonicum
973 4069 1067 4144 genus
1088 4065 1175 4125 refert

114 4159 215 4200 verum
229 4143 283 4201 etsi
308 4145 480 4204 commutari
501 4143 635 4204 Creticus
659 4165 726 4204 cum
740 4148 833 4224 primo
854 4159 993 4226 quartove
1013 4159 1175 4225 paeonepot

114 4233 212 4282 tamen
223 4222 457 4286 immanifestum
469 4234 523 4295 cst,
537 4226 608 4284 nihil
616 4225 694 4287 aliud
704 4227 783 4286 hunc
793 4228 898 4307 pedem
908 4249 981 4301 esse,
993 4247 1080 4306 quam
1092 4228 1175 4307 dipod

115 4303 293 4445 trpchaicam
322 4307 532 4382 catalecticum,
557 4319 590 4367 ut
614 4327 649 4368 ea
679 4327 807 4370 resnou
831 4309 962 4371 videatur
992 4309 1175 4370 demonstrat]

114 4402 143 4444 m
165 4404 253 4466 igere.
