2694 4866
410 226 413 233 ’
457 255 517 317 aa
541 254 788 318 ounnuaus

127 440 296 527 έ-ῼυυι-
307 469 358 501 w
372 484 414 499 -
425 471 449 501 υ

121 560 231 640 pinifer
245 557 380 639 Olympus
393 565 422 614 et
437 555 518 615 Ossa.

48 644 138 743 §iud
150 655 180 715 in
193 657 254 715 hoo
264 667 412 739 postremo
426 652 562 733 exemplo
576 652 625 732 qui
646 652 790 713 invertere
812 650 928 712 ordines
947 653 1038 727 volet,
1062 654 1168 715 sentiet

43 747 107 807 latu
117 753 173 798 non
185 756 272 819 posse
285 755 405 796 eosuno
417 734 519 819 ordine
533 733 682 815 periodico
694 733 912 813 comprehendi,

125 856 174 895 ree
188 834 319 916 Olympia
330 832 464 895 eaelieola.

45 922 122 991 Nam
142 953 231 1014 quum
251 933 301 992 hic
324 933 355 991 in
375 932 476 1012 quovis
495 931 596 990 ordine
610 941 753 1008 augeatur
765 930 818 1002 vis,
837 940 968 1010 apparet,
986 929 1048 990 fieri
1062 931 1093 991 id
1106 952 1166 992 uon

45 1025 129 1085 posse
150 1014 285 1075 iteranda
308 1033 343 1073 ea
365 1015 402 1082 vi,
429 1033 495 1093 quae
516 1012 547 1071 in
570 1013 665 1092 primo
683 1013 745 1071 ictu
761 1011 868 1084 fuerat,
890 1012 958 1090 quia
971 1012 1034 1072 haec
1048 1013 1166 1072 minime

43 1094 196 1168 fficerat,
208 1096 263 1155 sed
272 1094 438 1155 adidbenda
446 1114 530 1154 nova.
572 1094 660 1155 Unde
669 1093 774 1152 horum
785 1093 918 1152 ordinum
933 1093 1028 1153 nullus
1042 1115 1080 1153 ex
1093 1115 1167 1175 prae·

10 1224 12 1233 .
46 1175 166 1238 cedente
179 1178 287 1257 prodit,
306 1176 358 1236 sed
371 1176 478 1256 singuli
489 1196 575 1235 raum
588 1175 737 1255 proprium
750 1175 859 1234 habent
872 1175 974 1247 ictum,
989 1195 1084 1256 neque
1098 1197 1165 1236 cum

48 1254 158 1338 reliquis
171 1258 330 1318 coherent.
371 1259 476 1337 Itaque
485 1258 591 1336 singuli
605 1276 659 1317 suo
672 1268 739 1316 sunt
753 1257 815 1316 ictu
829 1258 961 1318 notandi:

124 1389 427 1457 ssusswJ-uw

78 1511 115 1567 d.
127 1509 292 1569 Videndum
304 1528 385 1568 minc
399 1519 444 1567 est
455 1507 494 1566 de
501 1506 681 1586 temporibus
695 1506 838 1566 ordinum.
868 1508 918 1566 Ao
930 1505 1024 1585 primo
1036 1523 1166 1576 niensis,

10 1628 14 1644 .
63 1590 176 1661 quoniam
190 1591 252 1650 ictu
266 1601 357 1662 caret,
380 1608 473 1668 euque
483 1608 515 1648 re
529 1600 726 1667 quotcumque
741 1601 873 1667 tempora
886 1587 1107 1665 complectatur,
1129 1606 1165 1647 ea

65 1671 139 1730 omna
155 1673 260 1731 seriem
281 1681 490 1751 repraesentant
512 1688 678 1729 caussarum
696 1681 783 1748 atque
808 1669 963 1728 effectuum
978 1668 1058 1728 nulla
1070 1670 1165 1728 aliena

66 1752 206 1812 suessione
219 1753 420 1832 interruptam,
442 1752 534 1830 prima
545 1751 593 1810 illa
603 1751 695 1810 omnis
710 1751 822 1809 numeri
833 1751 898 1828 lege
907 1762 1033 1820 tenetur,
1045 1770 1110 1830 quoe
1120 1762 1165 1810 est

66 1834 245 1912 inaequalitate
258 1844 423 1915 temporum
435 1833 538 1913 posita.
580 1833 662 1892 Hinc
672 1833 715 1907 fit,
730 1845 763 1893 ut
777 1833 807 1890 in
822 1833 872 1892 tali
885 1850 1018 1906 numero,

77 1962 80 1967 ,
138 1960 171 1996 ‚¹

125 2001 273 2039 ..υ-υ,

25 2145 29 2155 ⁴
50 2084 105 2155 ,tres
120 2084 291 2161 posteriores
303 2093 400 2162 partes
413 2082 493 2142 nullo
507 2081 594 2141 modo
608 2101 661 2161 pro
676 2081 751 2141 thesi
764 2081 864 2141 haberi
877 2081 999 2160 possint,
1024 2081 1076 2141 sed
1097 2100 1162 2161 quae

10 2167 15 2188 '
65 2162 135 2223 uuir
151 2183 251 2224 aarum
264 2177 320 2236 est,
341 2164 505 2225 necessario
523 2163 577 2223 sibi
601 2163 692 2222 ictum
714 2163 861 2240 postuletr
882 2161 961 2239 quod
985 2180 1045 2220 non
1067 2175 1112 2223 est
1133 2163 1164 2220 in

13 2307 32 2320 ..
65 2233 316 2319 ⁵⁸⁸⁰Wt⁰..:.
399 2304 403 2311 .

18 2550 37 2564 ..
64 2490 142 2579 ilqao
154 2514 235 2579 reete
249 2501 307 2562 tria
318 2500 480 2583 posteriora
493 2512 626 2581 tempora
638 2500 734 2561 thesin
748 2500 940 2560 constituunt.

25 2633 30 2643 .
61 2616 64 2623 ·
89 2583 461 2645 immurmurarent
476 2603 541 2662 quae
550 2584 668 2643 thereos
680 2583 754 2642 ratio
765 2594 819 2641 est.
860 2583 937 2642 Num
951 2600 1040 2660 quum
1054 2599 1072 2640 a
1085 2581 1161 2639 thesi

10 2634 36 2691 ὼ
63 2671 105 2721 tuo
119 2664 244 2740 differat,
252 2666 318 2725 :nisi
327 2665 409 2748 qdod
420 2666 498 2724 arsin
511 2676 580 2742 ante
589 2685 621 2725 se
631 2665 741 2723 nullam
749 2664 848 2734 habet,
870 2664 987 2743 pariter,
1007 2674 1162 2741 quotcum-

64 2754 104 2815 qm
120 2745 226 2807 habeat
247 2759 390 2827 tempora,
410 2747 533 2825 aequalia
556 2766 591 2807 ea
614 2747 720 2806 habeat
739 2764 858 2805 necesse
872 2756 926 2805 est.
968 2745 1056 2805 Unde
1071 2763 1160 2821 quum

37 2874 40 2886 ,
63 2833 122 2886 rtcto
131 2828 271 2909 procedat
283 2829 349 2889 tulis
361 2847 500 2889 numerus

10 3004 35 3051 *υ
64 2967 328 3057 ·-·..⁸.'.⁹⁹.L’..
366 3048 399 3057 Ι.
431 3048 433 3053 ¹

62 3083 372 3161 mummutmhoc,

118 3223 293 3298 o..o.¹.,
409 3200 414 3211 '

27 3378 34 3389 ·
60 3332 144 3407 diores
157 3350 217 3401 tres
230 3351 328 3420 partes
350 3340 504 3400 annerusin
527 3340 716 3413 constituere,
736 3339 788 3399 sed
808 3339 938 3400 secunda
951 3356 1051 3398 eurum
1068 3339 1158 3400 ictum

60 3417 168 3499 impiet,
187 3433 277 3500 atque
288 3422 318 3479 in
332 3423 407 3481 arsin
423 3421 594 3481 mutabitur.

83 3506 106 3561 t.
122 3503 190 3562 Alia
200 3515 245 3562 est
259 3521 383 3563 Arsaos
399 3507 481 3564 ratio.
521 3506 596 3569 Quae
609 3522 699 3582 quum
713 3514 814 3582 suapte
829 3502 954 3582 quadam
967 3501 1075 3559 vinata
1088 3521 1156 3561 cen-

57 3590 139 3657 tatur,
161 3595 270 3663 quanta
283 3585 332 3645 illa
345 3585 387 3643 vis
403 3597 457 3656 est,
476 3596 589 3644 tantum
602 3585 657 3644 sibi
670 3596 784 3663 tempus
798 3584 902 3661 poscit.
942 3581 1092 3640 AEstimari
1106 3601 1158 3640 au·

56 3660 97 3720 ¹³1¹
108 3665 216 3738 visilia,
238 3677 271 3726 ut
284 3666 494 3745 supradictum
508 3677 563 3739 est,
583 3684 642 3725 non
656 3677 753 3744 potest
766 3664 820 3721 nisi
832 3684 869 3722 ex
881 3662 987 3723 effectu
997 3681 1061 3732 suo,
1074 3662 1104 3720 id
1113 3674 1159 3722 est

54 3744 81 3799 Β
90 3742 147 3824 ipro
156 3759 300 3826 temporo.
341 3747 400 3808 Sed
413 3748 468 3807 etsi
483 3759 602 3827 propter
616 3746 694 3806 illam
707 3747 764 3803 vim
778 3745 848 3804 arsis
866 3755 1005 3823 exempta
1018 3753 1062 3801 est
1077 3762 1157 3802 eom·

53 3828 181 3913 purione
193 3828 308 3888 illorum
327 3839 502 3908 temporum,
523 3848 589 3907 quae
603 3839 705 3887 carent
717 3827 788 3896 ictu,
811 3838 908 3886 tamen
928 3824 1064 3904 quoniam
1089 3844 1157 3884 eum

52 3908 216 3983 ucohaeret,
235 3921 266 3969 et
280 3908 398 3988 quidem
412 3928 479 3968 cum
489 3909 565 3970 thesi
575 3922 608 3968 ut
622 3928 733 3978 caussa,
753 3927 820 3968 cum
833 3907 966 3968 unacrusi
978 3916 1010 3964 ut
1024 3905 1156 3979 effectus,

52 3994 142 4050 'titum
152 3989 241 4050 etiam
256 3991 418 4071 comparari
432 4010 500 4051 cum
519 3991 554 4050 iis
568 4002 649 4052 certa
666 3991 779 4050 ratione
791 3988 892 4052 debet.
931 3989 977 4047 Ea
994 3988 1068 4047 ratio
1090 3989 1155 4049 talis

51 4076 86 4141 U,
107 4084 140 4131 ut
159 4090 221 4131 non
237 4071 345 4133 debeat
362 4072 434 4148 fieri,
454 4073 531 4155 quod
549 4072 613 4133 fieri
631 4083 772 4152 nequeat;
795 4090 855 4132 non
875 4071 974 4142 etiam,
998 4081 1032 4129 ut
1048 4069 1155 4131 debeat

49 4140 100 4224 itti,
122 4153 205 4233 quod
217 4154 309 4233 possit
322 4153 410 4215 etiam
423 4174 483 4214 non
496 4155 568 4214 fieri.
609 4154 714 4233 Itaque
731 4153 825 4233 primo
846 4152 925 4233 quod
945 4151 982 4212 ad
1000 4151 1154 4212 arracrusin

76 4230 83 4244 ’
100 4247 140 4305 et,
166 4236 238 4294 arsis
258 4254 318 4296 non
331 4247 429 4318 potest
443 4236 473 4296 in
487 4235 591 4297 minori
604 4247 736 4317 tempore
750 4253 824 4310 esse,
845 4254 931 4316 quam
941 4245 1010 4295 sunt
1020 4244 1152 4314 tempora

46 4322 213 4392 murreus,
234 4328 269 4378 ut
538 4392 544 4397 .
