2694 4866
128 285 130 290 Ι
177 346 237 405 100
558 335 639 399 LiB.
659 337 702 398 ΙΙ.
724 336 818 400 CAP.
839 336 924 399 xvi.

247 553 276 599 et
287 543 358 598 nhno
370 542 440 599 idem
452 541 521 598 dico.
542 540 570 597 et
582 540 793 627 commeminisse
803 540 871 598 hade
882 559 932 614 ego
944 522 1035 599 roldm
1043 555 1081 600 te.

176 647 226 706 lta
239 648 279 706 ibi
293 649 359 710 cod.
372 649 452 727 Lips.
466 647 555 707 verba
568 647 693 706 ordinat.
723 640 770 706 ¹In
784 647 921 708 Asinaria
934 647 993 708 111.
1006 652 1037 721 ⁶2,
1059 653 1108 711 36.
1119 647 1303 712 scribendum

74 803 77 807 .
178 729 311 790 videtur:

248 847 326 902 nimis
337 845 415 918 aegre
423 846 478 902 risu
489 846 533 902 me
545 847 673 914 continui,
687 846 736 910 ‚ubi
747 846 880 920 hospitem
891 845 1055 904 inclamarit.
1071 895 1074 901 .
1138 854 1140 859 '

178 951 255 1012 Nam
268 963 442 1031 anapestus,
463 964 550 1030 quem
571 951 710 1010 librorum
731 951 819 1011 lectio
843 952 955 1032 proebet
976 951 1064 1011 risum
1088 949 1229 1025 conmuni,
1247 968 1302 1010 non

174 1033 291 1093 ridetur
304 1032 441 1092 ferendus
455 1041 529 1093 esse.
570 1033 629 1092 Sed
644 1033 673 1090 in
689 1035 778 1094 Persa
791 1033 833 1093 ll.
854 1040 884 1106 5,
908 1038 954 1095 la.
979 1047 1051 1092 cum*
1070 1030 1137 1091 cod.
1162 1029 1303 1112 Lipsiemi

178 1115 372 1175 omittendum
386 1127 431 1174 est
445 1135 519 1175 nam.
561 1114 644 1174 Idem
658 1114 755 1175 codex
775 1116 849 1174 bene
863 1126 994 1176 removet
1017 1114 1106 1174 nlium
1127 1125 1304 1193 nnapatun

131 1229 133 1233 ν
177 1196 208 1255 in
223 1197 313 1257 Truo.
328 1195 369 1257 11.
387 1202 414 1268 l,
438 1202 483 1258 12.
498 1195 573 1256 male
587 1208 687 1256 tamen
700 1198 743 1256 ita
754 1197 893 1256 omittens
906 1198 1056 1277 etflrctum
1069 1196 1221 1275 praebensr

249 1330 346 1402 ringet,
364 1331 767 1405 necerseestndspntiinrita:
788 1331 827 1388 ita
838 1349 944 1404 aequum
955 1331 1028 1388 factu
1037 1307 1086 1388 est.
1232 1356 1235 1365 Δ

178 1418 349 1498 Spondeum
362 1416 438 1477 male
451 1419 677 1479 introduxerunt
697 1412 806 1478 librarii
825 1419 856 1477 in
876 1420 961 1481 Asin.
981 1419 1023 1481 11.
1041 1425 1073 1493 4,
1093 1423 1145 1491 65.
1169 1417 1222 1480 nbi
1242 1414 1303 1478 deit

177 1520 262 1561 nunc.
302 1502 338 1559 ln
352 1500 454 1559 eodem
468 1499 567 1560 fabula
580 1500 639 1562 111.
660 1507 690 1573 8,
713 1506 781 1561 140.
1069 1507 1075 1527 ⁸

249 1636 300 1674 nec
312 1619 376 1691 qnid
388 1618 492 1685 dicatis,
508 1619 613 1683 neome
625 1636 673 1675 cur
684 1618 783 1674 luditis
795 1618 863 1675 seire
874 1618 991 1692 possum,

178 1724 283 1784 Reizio
303 1723 438 1803 placebat
460 1743 537 1783 mene
556 1744 617 1784 cur.
657 1723 735 1782 Mihi
755 1722 805 1782 hic
825 1723 908 1782 locus
928 1723 959 1782 in
978 1723 1013 1783 iis
1033 1722 1238 1799 videturesse,
1257 1719 1302 1800 qni

175 1808 242 1885 jure
263 1805 344 1864 credi
358 1805 468 1884 possint
481 1805 705 1885 transpositione
718 1804 813 1864 vitiati
826 1823 899 1875 esse,
1305 1817 1309 1823 '

249 1940 300 1978 nec
312 1922 376 1995 quid
388 1921 491 1989 denda,
508 1923 583 1989 scire,
599 1940 650 1978 nec
662 1940 707 1978 me
717 1921 763 1976 chr
774 1920 884 1988 ludatis,
899 1921 1015 1993 pssum.

73 2078 77 2087 ,
169 2031 244 2093 Etsi
266 2031 435 2103 videndum,
456 2048 493 2088 ne
514 2030 633 2108 vulgata
659 2029 784 2108 aliquam
805 2029 842 2088 ab
867 2029 1004 2089 enclitico
1024 2048 1067 2088 me
1088 2026 1303 2088 excusationem

102 2129 104 2132 ⁴
177 2115 294 2174 habeat.
336 2112 526 2191 Omninoque
540 2112 662 2172 Plautus
684 2110 831 2172 interdum
850 2108 955 2196 'apeite
968 2111 1058 2170 duros
1077 2102 1169 2188 atqire
1191 2098 1301 2188 asperos

177 2216 277 2257 versus
288 2195 342 2254 sibi
353 2194 480 2254 indulsit.
501 2195 538 2254 In
549 2194 647 2255 Milite
659 2194 718 2254 111.
729 2201 758 2266 3,
769 2196 818 2253 45.
828 2192 946 2272 elegans
959 2202 1005 2252 est
1020 2191 1116 2251 Reinii
1126 2193 1303 2270 conjectum,
1321 2274 1326 2281 .

250 2314 343 2369 assunt
354 2289 420 2366 labri
431 2310 679 2383 architectonesque
689 2328 707 2372 a
718 2330 771 2380 me,
782 2312 799 2367 ί
809 2322 838 2369 te
848 2311 920 2367 houd
928 2308 1052 2380 imperiti·
1082 2372 1085 2379 ¹

48 2394 57 2418 x
179 2420 218 2478 ad
232 2436 319 2500 quam
332 2416 503 2474 firmandam
517 2415 670 2495 adscripsit
684 2417 777 2497 Most.
797 2417 857 2478 111.
877 2422 907 2489 2,
928 2419 978 2481 78.
1019 2414 1056 2473 In
1076 2411 1176 2473 Milite
1200 2410 1255 2473 IV.
1276 2413 1304 2480 6,

124 2570 127 2575 ,
181 2506 232 2567 57.
245 2494 431 2556 scribendum
445 2496 580 2558 videtur:
1198 2526 1205 2545 .

252 2614 395 2670 levaindnm
407 2615 526 2669 morbum
538 2612 643 2670 mirlieri
655 2615 743 2672 rideo.
754 2615 785 2672 iit
796 2617 886 2673 tremit
897 2625 977 2688 atque
989 2613 1122 2680 extimuit,
1180 2638 1183 2642 ¹
1298 2657 1301 2664 .

251 2685 391 2760 postqmim
399 2686 446 2741 ted
458 2685 588 2758 adspexit.
600 2688 649 2743 riri
661 2707 767 2761 quoque
778 2687 872 2744 drmati
882 2687 953 2742 idem
965 2684 1152 2744 istncfdeiunt.
1198 2682 1201 2704 '

145 2824 148 2829 ·
180 2795 217 2855 In
231 2793 357 2852 Poenulo
371 2792 409 2853 V.
422 2797 452 2864 4,
474 2795 523 2855 97.
538 2812 647 2871 repone
656 2797 753 2874 prima
767 2814 821 2874 pro
828 2793 964 2875 primum.
1005 2791 1042 2849 In
1056 2787 1301 2861 Persall.4‚'20‚

181 2877 315 2934 mutilum
335 2893 452 2934 versum
474 2874 547 2932 inest
567 2874 722 2934 scribendo
737 2876 875 2954 corrigas.
916 2873 952 2930 In
966 2871 1064 2930 Milite
1079 2891 1198 2951 qnoque
1212 2870 1303 2933 lua

183 2962 212 3018 8.
225 2977 263 3016 ne
277 2957 340 3036 quis
354 2957 385 3013 in
405 2955 578 3032 integrando
599 2975 684 3015 versu
704 2957 828 3029 laboret,
848 2973 955 3015 moneo
978 2971 1076 3012 veram
1096 2952 1255 3014 lectionem
1277 2951 1303 3010 in

75 3103 78 3108 ,
182 3039 249 3098 cod.
263 3039 344 3116 Lips.
368 3036 500 3108 inveniri,
521 3038 709 3116 ofirtonata
731 3037 832 3099 mulier
855 3059 894 3100 er.
934 3036 970 3095 In
995 3034 1121 3094 Poenulo
1145 3034 1187 3096 V.
1209 3041 1240 3111 t,
1260 3037 1303 3094 83.

181 3120 288 3191 scribe,

248 3254 326 3293 nuno
338 3237 409 3309 quiid
420 3237 484 3293 boni
496 3237 524 3291 di
536 3236 601 3293 dent
609 3214 682 3305 mihi,
699 3237 784 3304 vobis,
799 3245 950 3307 vostroeque
961 3232 1049 3289 mimi.

84 3324 86 3329 ’
184 3341 259 3402 cor.
273 3341 354 3420 urps.
368 3342 553 3416 socordiae,
573 3341 687 3404 rimari
706 3343 786 3402 aare.
826 3343 862 3402 In
888 3338 968 3399 aur.
992 3339 1029 3397 v.
1053 3341 1082 3411 a,
1109 3342 1157 3400 m.
1184 3338 1252 3399 vide
1272 3352 1304 3394 ne

183 3423 370 3484 scribendum
384 3425 437 3484 sit:

255 3541 318 3614 quid
329 3542 428 3609 reffert,
445 3541 489 3614 qui
501 3538 598 3613 perne
615 3541 734 3596 tamensi
744 3539 797 3594 hoc
809 3539 882 3595 ntur
893 3534 1063 3594 subdemur?
1094 3514 1096 3519 ’

222 3652 250 3707 8.
274 3646 333 3708 Sed
346 3665 443 3725 operae
456 3645 583 3725 pretium
597 3655 642 3704 est
655 3643 897 3715 animadvertere,
918 3642 1006 3701 etiam
1020 3639 1071 3700 ubi
1086 3639 1116 3699 in
1136 3638 1196 3699 fine
1216 3634 1304 3719 quarti

182 3729 264 3810 pedis
278 3746 389 3786 caesura
403 3740 457 3798 est,
478 3747 538 3786 non
551 3727 592 3799 ita
605 3745 711 3805 purum
724 3745 788 3785 esse
801 3724 880 3784 hunc
894 3723 1009 3802 pedem,
1032 3732 1065 3780 ut
1079 3740 1156 3791 eum,
1179 3721 1231 3801 qui
1244 3717 1313 3810 ulti·⁴

184 3830 248 3868 mus
271 3821 315 3869 est
339 3809 369 3866 in
393 3809 523 3867 versibus
546 3806 724 3868 acatalectis.
765 3805 842 3865 Nam
864 3816 896 3865 et
918 3803 1027 3864 extrita
1048 3803 1146 3862 littera
1159 3822 1185 3872 s,
1206 3799 1306 3863 etalirs

183 3891 277 3949 modis
290 3891 333 3960 fit,
355 3889 405 3967 qui
419 3888 474 3948 etsi
487 3890 614 3948 iambum
634 3909 698 3949 esse
718 3889 798 3947 hunc
820 3887 925 3966 pedem
944 3905 1003 3944 non
1025 3884 1193 3965 prohibent,
1214 3894 1306 3943 tamen

184 3972 307 4044 faciunt,
328 3983 361 4030 ut
376 3989 434 4030 non
449 3982 507 4028 tam
521 3969 630 4029 nitidus
643 3971 680 4029 sit
695 3981 726 4029 et
736 3970 820 4039 citus,
836 3987 923 4049 quam
934 3968 982 4028 ille
992 3978 1157 4047 postremus
1166 3963 1305 4026 acatdec·

186 4065 298 4113 torum.¹
336 4052 386 4110 Sin
401 4050 522 4111 Plautus
535 4051 566 4108 in
581 4051 664 4110 Asin.
679 4050 762 4122 11.4‚
776 4053 826 4110 21.

256 4166 323 4221 nihil
331 4166 385 4222 est:
397 4178 531 4240 tamquam
540 4165 563 4222 si
574 4165 685 4223 claudus
693 4166 751 4234 sim,
768 4182 828 4222 oum
840 4166 910 4223 siste
922 4177 963 4224 est
974 4164 1172 4222 ambulindum.
1240 4204 1242 4211 ·

93 4300 102 4315 ³
186 4272 252 4334 Mil.
267 4272 320 4330 lv.
335 4276 366 4343 6,
391 4278 438 4333 16.

90 4364 92 4369 ,
255 4406 336 4462 spero
345 4386 520 4456 imfuturum,
536 4388 693 4463 quemquam
703 4389 778 4445 illum
791 4388 891 4446 multa&
900 4386 1139 4461 sibiexpetessunt.
