2694 4866
170 322 202 384 vr
611 314 866 378 nanroauo.
887 310 903 404 r

172 503 241 554 tura
260 500 371 562 tamen,
386 486 524 568 quoniam
536 505 635 567 neque
655 485 771 546 differre
791 505 854 545 rem
877 483 995 556 licebat,
1021 483 1166 564 simulque
1186 503 1316 566 praesens

173 591 261 670 hujus
275 588 418 650 doctrinae
439 597 533 647 status
554 585 688 666 flagitare
712 585 878 656 videbatur,
903 574 1149 644 ut'obsisteretur
1169 585 1318 645 erroribus

172 689 358 770 quibusdam,
372 706 391 748 a
405 686 511 768 quibus
525 685 650 745 salutem
670 684 924 764 poitisreteribus
939 683 1057 762 quidam
1077 695 1237 772 sperarent,
1259 703 1318 763 ego

173 800 274 850 eutem
299 786 423 849 exitium
449 797 623 859 metuerem,
653 784 815 852 curandum
829 771 950 862 putavi,
972 795 1006 842 ut
1029 785 1084 858 his,
1107 802 1173 862 quae
1197 782 1317 862 quidem

171 900 275 968 parata
287 888 436 958 haberem,
452 883 604 965 praesidiis,
624 883 811 962 quantumin
831 893 980 954 meamet,
994 884 1041 943 via
1059 884 1097 943 ad
1116 883 1315 943 emendandos

171 988 329 1068 scriptores
343 986 408 1047 illos
419 971 537 1064 planior
550 980 734 1055 redderetur.
775 983 811 1041 ln
825 1000 884 1062 qua
897 1000 930 1042 re
944 982 1024 1062 quod
1037 968 1142 1045 'attinet
1153 982 1190 1041 ad
1201 995 1315 1061 partem

171 1086 261 1166 longe
276 1085 407 1146 omnium
420 1082 681 1163 impeditissimam,
696 1082 794 1142 Plauti
807 1081 875 1142 dico
896 1081 1086 1163 Terentiique
1105 1101 1217 1153 versus,
1236 1083 1316 1141 miri-

170 1186 228 1247 fice
252 1197 304 1245 tua
326 1182 512 1255 liberalitate,
537 1181 927 1261 eruditissime—Blbmnere,
949 1201 1014 1241 sum
1038 1180 1170 1263 adjutus:
1197 1181 1248 1261 qui
1283 1193 1316 1244 ut

171 1296 261 1347 antea
275 1284 353 1343 ultro
367 1282 439 1342 mihi
456 1282 605 1342 obtuleras
619 1281 754 1362 AEschyli
775 1280 909 1342 codicem
929 1300 968 1341 ex
988 1280 1169 1340 bibliothece
1189 1280 1316 1343 Senatus

171 1383 261 1462 hujus
274 1383 355 1443 urbis
368 1381 548 1462 amplissimi,
563 1400 629 1463 que
643 1392 673 1440 te
687 1380 860 1462 prefectum
880 1381 982 1461 habet,
1000 1380 1043 1440 ita
1063 1399 1157 1459 nuper
1174 1400 1217 1443 ex
1238 1385 1315 1461 ejus.

171 1484 241 1546 dem
254 1479 442 1557 bibliothece
461 1480 555 1561 copiis
574 1479 646 1557 alios
670 1480 741 1539 mihi
766 1482 890 1542 utendos
912 1479 1019 1547 dedisti
1040 1480 1168 1553 codices,
1189 1500 1315 1559 quorum

170 1580 297 1653 duobus,
307 1580 358 1660 qui
367 1578 505 1640 Plautum
513 1591 545 1639 et
555 1579 729 1640 Terentium
738 1581 902 1652 continent,
913 1591 1095 1660 quantopere
1104 1600 1152 1639 me
1162 1580 1317 1639 demerue-

170 1680 222 1754 ris,
233 1699 293 1739 non
305 1678 406 1760 putavi
413 1698 461 1739 me
473 1677 583 1738 rectius
593 1678 648 1739 tibt
656 1677 822 1757 significare
832 1696 928 1760 posse,
938 1696 1025 1758 quam
1034 1679 1098 1758 ipso
1107 1681 1145 1739 ad
1156 1690 1186 1738 te
1194 1679 1314 1739 mitten·

171 1778 212 1841 do
225 1779 301 1838 libro
315 1798 399 1839 meo:
420 1797 508 1858 quem
522 1768 606 1839 tanto
620 1778 713 1857 magis
728 1777 884 1858 cupiebam
904 1797 978 1837 meae
992 1797 1064 1857 erga
1077 1788 1108 1838 te
1122 1778 1315 1838 observantiae

171 1876 383 1938 documentum
398 1896 471 1949 esse,
487 1877 567 1957 quod
581 1876 605 1936 is
619 1888 652 1937 tu
667 1896 709 1950 es,
724 1876 775 1956 qui
788 1876 847 1936 hoc
861 1895 979 1956 quoque
989 1877 1019 1935 in
1029 1896 1139 1956 genere
1148 1875 1314 1937 litterarum

171 1996 276 2039 cernas
289 1976 468 2038 acutissime.
509 1979 610 2043 Quum
631 1976 721 2049 enim,
740 1975 884 2056 quidquid
904 1975 959 2035 tibi
972 1976 1112 2056 temporis
1125 1977 1162 2036 ab
1176 1976 1318 2048 senatorii

171 2075 302 2136 muneris
316 2074 442 2154 negotiis
456 2072 601 2153 reliquum
623 2072 816 2148 est,'litteris,
837 2084 868 2133 et
888 2072 1037 2153 praecipue
1058 2075 1180 2144 Graecis,
1202 2073 1317 2154 impen-

170 2173 243 2235 dere
257 2173 453 2248 conaueveria,
468 2172 500 2232 id
512 2191 545 2234 es
558 2172 674 2253 scriptis
689 2171 748 2233 tuis
762 2182 972 2252 consequutus,
985 2183 1020 2232 ut
1040 2171 1173 2234 homines
1193 2173 1315 2234 litterati

170 2291 232 2334 non
245 2272 342 2333 minus
355 2283 524 2333 accuratam
535 2271 701 2353 doctrinam
714 2282 805 2346 tuam,
817 2290 905 2350 quam
910 2270 1016 2351 judicii
1025 2272 1216 2343 subtilitatem
1227 2283 1316 2351 atque

169 2370 347 2449 elegantiam
362 2370 554 2428 admirentur.
595 2368 653 2426 His
667 2368 755 2427 rebus
776 2378 875 2427 autem
895 2387 965 2429 vera
985 2367 1153 2429 continetur
1171 2371 1316 2430 eruditio:

171 2487 238 2549 quoe
252 2488 359 2548 neque,
374 2468 452 2527 utin
465 2466 595 2528 venustis
609 2465 783 2546 quibusdam
797 2467 964 2529 hominibus
976 2468 1120 2542 videmus,
1138 2467 1316 2549 elegantiam

168 2569 234 2631 alne
246 2569 381 2641 scientia,
394 2582 502 2648 neque,
524 2567 610 2634 utin
632 2566 807 2648 quibusoam
828 2568 935 2642 doctis,
957 2568 1110 2631 scientiam
1133 2569 1196 2668 sing
1220 2570 1314 2629 libero

166 2668 281 2750 judicio
308 2678 508 2741 consectatur,
532 2667 586 2727 sed
613 2685 673 2727 una
696 2678 764 2727 oum
788 2667 912 2731 scientia
938 2689 1024 2730 usum
1044 2687 1163 2750 quoque
1182 2667 1315 2729 scientia

166 2771 336 2850 justamque
348 2765 572 2828 estimationem
586 2765 751 2847 complexe,
768 2787 836 2828 cum
846 2767 1029 2851 humanitate
1040 2779 1085 2828 est
1097 2778 1130 2828 et
1138 2766 1315 2829 liberalitate

167 2871 337 2949 conjuncta
392 2866 452 2927 He
473 2885 545 2927 voro
570 2865 693 2928 virtutes
716 2877 787 2943 tua,
814 2867 1051 2948 prestantissima
1076 2866 1246 2941 liliimnere,
1272 2867 1315 2927 fa·

169 2965 264 3039 ciunt,
280 2976 314 3026 ut
327 2982 454 3044 sperem,
467 2982 529 3026 non
542 2964 737 3044 injucundum
751 2965 805 3027 tibi
817 2967 893 3042 fore,
906 2967 932 3027 si
942 2966 980 3026 de
989 2966 1123 3028 univema
1132 2967 1190 3027 hec
1199 2967 1313 3027 ratione

169 3063 314 3126 doctrine
327 3063 459 3125 metricae
471 3065 573 3146 paucis
587 3065 626 3130 ad
639 3075 671 3131 te
683 3065 873 3146 perscribam,
888 3085 977 3148 quam
990 3072 1023 3127 tu
1043 3067 1155 3145 optime
1174 3067 1253 3126 nosti
1273 3067 1316 3127 ita

168 3181 235 3227 etse
248 3174 458 3244 comparatam,
473 3174 508 3223 ut
520 3182 620 3244 neque
632 3164 823 3244 acquiescere
835 3166 979 3246 possimus
992 3165 1023 3224 in
1037 3165 1192 3246 iis‚:quaea
1205 3168 1312 3227 veteri-

170 3259 228 3323 bus
254 3262 364 3324 tredita
389 3274 468 3336 sunt,
497 3281 594 3343 neque
621 3262 734 3342 fingere
760 3248 864 3336 liceat,
888 3284 955 3345 quae
982 3285 1043 3326 non
1066 3276 1098 3326 et
1120 3265 1314 3325 fundamento

170 3359 289 3433 idoneo,
305 3348 338 3423 et
354 3362 532 3424 auctoritate
554 3376 637 3424 certo
660 3364 865 3445 exemplorum
887 3364 1030 3426 uitentur.
1071 3365 1109 3424 In
1130 3384 1190 3444 quo
1212 3365 1315 3424 discri-

171 3460 252 3522 mine
264 3461 421 3542 plerosque
434 3463 625 3523 vehementer
638 3461 786 3543 trepidare
799 3461 951 3526 ridemus:
965 3481 1098 3543 ³quorum
1108 3463 1167 3536 alii,
1180 3476 1315 3523 veterum

171 3561 329 3642 praeceptis
342 3562 429 3623 unice
442 3562 636 3632 adherentes,
645 3561 724 3620 nihil
733 3562 909 3642 proliciunt3
930 3561 991 3636 alii,
999 3574 1172 3644 contemptu
1181 3572 1315 3622 veterum

171 3660 219 3721 vel
232 3660 352 3722 levitate
366 3661 494 3741 quadam
513 3662 612 3723 omnia
631 3661 714 3723 noris
735 3659 909 3723 commentis
928 3665 1119 3742 perturbant;
1142 3674 1211 3723 sunt
1233 3664 1316 3725 deni·

171 3777 243 3839 que,
256 3759 307 3841 qui
320 3760 437 3833 incerti,
452 3781 510 3842 quo
524 3780 590 3823 aeae
602 3771 728 3831 vertam.
750 3767 862 3822 temere
882 3780 963 3821 nunc
983 3763 1048 3824 haec
1070 3781 1151 3822 nunc
1171 3761 1222 3821 illa
1244 3763 1315 3823 arri·

172 3856 269 3937 piunt.
309 3859 370 3926 Qui
383 3878 489 3919 omnes
498 3879 601 3922 vereor
616 3872 650 3922 ut
663 3873 773 3923 statum
781 3863 829 3923 rei
842 3872 932 3943 atquc
944 3875 1080 3925 naturam
1093 3858 1163 3923 satis
1173 3880 1315 3944 perspex-

173 3957 261 4019 erint.
302 3960 381 4020 Nam
404 3960 436 4019 in
455 3971 530 4034 arte,
554 3981 621 4040 quae
644 3962 731 4042 plane
752 3964 908 4044 deperdita
931 3976 985 4037 eat,
1010 3965 1075 4023 hoec
1099 3962 1171 4037 duo,
1195 3977 1229 4024 ut
1257 3963 1340 4045 ego*

174 4056 294 4137 quidem
308 4059 455 4134 existimo,
470 4061 628 4140 quaerenda
641 4073 721 4137 sunt,
735 4063 871 4143 primum,
886 4085 952 4144 quae
964 4062 1053 4123 fuerit
1067 4066 1131 4143 ejus
1145 4065 1215 4124 artis
1236 4064 1314 4145 apud

173 4156 240 4218 illos
254 4159 396 4234 conditio,
410 4161 462 4243 qui
475 4181 540 4223 eom
555 4175 771 4236 exercuerunt3
791 4164 1032 4242 deinde,1itrhm‚
1057 4184 1123 4245 quae
1142 4165 1185 4225 illi
1204 4176 1315 4226 statue-

173 4268 254 4330 runt,
268 4259 453 4339 explicandae
473 4256 525 4324 rei'
536 4262 690 4336 sufficiant,
712 4284 750 4324 an
771 4252 888 4326 aliunde
909 4266 983 4325 ratio
1004 4269 1068 4345 ejus
1089 4266 1249 4346 repetenda
1269 4265 1316 4325 sit.

172 4355 368 4438 Disciplinam
380 4361 451 4422 artis
464 4362 543 4423 enim
562 4382 608 4425 ars
621 4363 685 4446 ipsa
698 4364 902 4445 pregreditur,
921 4364 1093 4447 faciliorque
1107 4365 1137 4425 in
1150 4365 1316 4446 praeceptis,
