2694 4866
296 300 298 305 ·
392 280 451 343 DE
469 278 684 343 VERSIBUS
704 232 979 348 Baccfflncts
1195 290 1252 355 197

244 470 313 538 ubi,
329 468 469 526 advorsum
480 479 512 524 ut
524 480 595 538 eant,
612 468 854 531 rocitluturireror

189 542 243 598 ndu
253 561 303 617 eor
316 540 451 596 molestus
463 558 498 596 ne
509 544 561 597 sis:
579 542 645 608 scio,
660 543 724 615 quid
737 560 878 616 properas:
896 543 977 616 gestis
989 543 1097 618 aliquo:
1113 596 1116 601 .
1195 582 1200 589 ι

116 626 154 670 so
225 616 276 668 'arn
284 611 375 667 hercle
386 629 457 666 nunc
469 613 508 667 ire
519 615 569 680 vis,
585 614 667 680 mula,
744 615 878 671 anforas.
913 656 917 683 ,

220 634 293 741 lene
305 700 406 738 merem
418 683 469 739 hec
481 685 550 754 preti
560 685 624 740 inde
633 685 741 742 abscidi.
758 687 811 742 abii
823 687 905 756 foros,

222 755 294 811 adius
306 772 355 822 ego
367 755 438 811 uuae
449 772 486 811 eo
494 755 635 812 Matinum
646 756 712 812 hero
722 775 756 812 ex
769 757 897 829 pituimis.

221 826 274 882 lide
287 825 330 880 die
342 824 447 881 nasoni
455 826 538 911 pudor
549 826 629 883 herus
647 828 792 897 resciverit,

184 897 266 953 moine
275 895 544 969 malecuncnstrgabit
556 898 602 953 eda
614 898 716 954 exuviis
729 901 842 957 bubulis,

115 980 149 1026 15
184 970 319 1041 postremo
329 966 439 1022 minoris
449 969 538 1039 pendo
548 968 651 1040 tergum
664 970 779 1038 illorum,
798 971 876 1043 quarn
889 991 985 1031 meum.

182 1040 226 1094 ttti
238 1048 316 1094 eruut
325 1037 452 1094 bucaedae
463 1040 548 1096 multo
560 1040 656 1112 potius,
674 1059 752 1113 quarn
762 1060 814 1114 ego
827 1044 876 1098 aim
889 1044 980 1101 restio.

111 1163 176 1222 Hic
197 1181 318 1242 quoque
341 1161 452 1242 paucis,
474 1163 545 1243 quid
568 1165 749 1237 mutaverim,
771 1156 921 1227 'indicaba
962 1164 1014 1238 Et,
1043 1166 1124 1245 quod
1147 1164 1246 1247 paullo

111 1256 181 1305 ante
195 1244 340 1316 dicebam,
360 1245 467 1324 primos
481 1245 567 1326 hujus
580 1265 676 1305 eoenae
690 1267 789 1323 versus
814 1247 843 1306 in
866 1246 1058 1308 Menaechmis
1080 1247 1118 1309 V.
1142 1255 1172 1321 6,
1198 1250 1247 1311 22.

114 1327 152 1389 ab
167 1325 328 1404 interprete
346 1327 442 1405 aliquo
457 1326 618 1407 adscriptos
630 1347 704 1397 esse,
721 1324 1056 1401 inemendationem
1073 1347 1175 1389 eorum
1195 1327 1247 1391 ali·

109 1407 193 1487 quid,
206 1406 329 1475 sednon
339 1408 461 1467 multum
471 1409 601 1487 prodest,
623 1409 769 1490 quoniam,
792 1411 907 1490 quiens
920 1411 981 1471 illic
993 1408 1157 1492 adscripsit,
1178 1422 1240 1484 aut,

110 1490 182 1549 dum
196 1489 227 1548 id
239 1488 407 1549 memoriter
420 1489 554 1564 faciebat,
578 1511 638 1551 non
649 1493 760 1572 ubique
773 1491 836 1573 ipsa
850 1492 948 1553 Plauti
958 1492 1048 1554 verba
1056 1492 1165 1573 posuit,
1179 1503 1241 1565 aut,

112 1591 204 1650 quum
217 1570 390 1631 senteutiam
404 1582 517 1631 tantum
530 1584 687 1652 spectaret,
707 1574 830 1645 formam
845 1574 983 1635 orationis
1004 1564 1100 1633 minus
1121 1573 1244 1641 curarit.
1326 1617 1328 1621 ν

114 1652 165 1712 stc
190 1663 295 1723 autem,
318 1653 358 1711 riri
383 1653 504 1732 legitur:
523 1653 608 1731 serni,
627 1656 678 1736 qni
697 1654 780 1736 cupro
794 1666 901 1730 carent,
922 1668 949 1717 et
963 1664 1098 1730 metuunt,
1118 1657 1143 1716 ti
1155 1654 1246 1717 solent

113 1752 175 1793 esse
187 1733 265 1803 lieris
277 1732 406 1809 utililas:
428 1756 493 1795 narn
513 1734 558 1796 illi
575 1737 625 1816 qni
644 1736 718 1797 nrlril
735 1747 873 1809 nonunt,
888 1747 1040 1820 postquam
1062 1735 1165 1797 rnolrnn
1175 1758 1245 1820 pro·

111 1815 245 1887 meritam
267 1825 319 1889 est,
339 1825 475 1877 metuunt.
516 1816 553 1880 V.
576 1819 611 1878 C.
637 1813 687 1900 pal
712 1812 774 1878 cnm
799 1818 945 1900 culparent
973 1830 1000 1879 et
1024 1828 1126 1893 rnetno,
1154 1830 1185 1879 et
1205 1820 1245 1881 e'x

110 1896 306 1971 correctione,
326 1899 378 1978 qni
397 1896 479 1979 cnlpa
500 1908 599 1958 rorent
623 1909 759 1963 metuunt.
799 1901 869 1960 MS.
892 1900 973 1981 Lips.
994 1899 1085 1961 etad.
1101 1901 1189 1980 Carp.
1210 1920 1262 1961 o··

111 1978 281 2047 mittuutt'i.
322 1978 406 2041 Idem
419 1979 526 2052 codex,
541 1979 722 2063 postomium
731 1983 955 2064 promeritnmrt.
988 1978 1070 2043 Male
1085 1981 1132 2043 ed.
1154 1983 1242 2061 Carp.

106 2061 274 2144 prinsquam
297 2059 401 2120 malurn
423 2064 608 2143 promeritam
630 2072 680 2123 est.
721 2063 757 2122 Iu
780 2063 962 2123 Mostellaria
986 2063 1048 2142 ipsa
1072 2062 1139 2122 cod.
1160 2062 1244 2142 Lips.

106 2144 194 2215 serui,
225 2143 275 2223 qni
299 2164 381 2224 quom
404 2143 487 2224 culpa
508 2153 614 2217 carent,
643 2153 737 2204 tamen
759 2143 863 2204 malum
887 2153 1023 2204 metuunt.
1072 2143 1129 2204 Ed.
1155 2146 1243 2224 Carp.

106 2225 185 2287 serni
211 2225 262 2306 qni
286 2245 348 2284 cnm
372 2223 454 2306 culpo
478 2234 598 2286 rorent:
630 2234 689 2285 trtrn
716 2224 820 2287 malurn
853 2235 989 2288 metuunt.
1042 2224 1137 2285 eodd.
1167 2225 1242 2287 Pali.

105 2308 222 2368 corint:
244 2305 323 2365 unde
335 2308 448 2367 earnint
461 2317 492 2366 et
506 2317 564 2367 tum
578 2315 671 2367 tamen
686 2305 764 2368 dedi.
804 2307 842 2366 V.
858 2311 888 2369 2.
901 2327 1002 2368 omnes
1015 2305 1162 2368 cotelerio
1182 2307 1239 2366 nti-

108 2387 190 2462 lites,
221 2397 251 2447 et
275 2408 302 2446 v.
327 2394 355 2450 3.
377 2398 528 2482 postquam
555 2397 621 2461 runt
643 2388 748 2449 malurn
768 2390 871 2463 meriti,
898 2388 993 2455 ‚duda
1019 2389 1074 2452 siti
1100 2396 1241 2470 repetunt,

107 2470 172 2530 Hic
184 2487 255 2528 vero
263 2471 415 2550 promenti
428 2469 506 2543 dedi,
527 2469 666 2531 indicium
686 2470 813 2530 faciente
828 2471 877 2531 ilio
936 2471 1096 2531 ditamento
1118 2469 1149 2528 in
1173 2471 1242 2530 Me-

107 2550 257 2612 naechmia.
300 2551 338 2609 Id
350 2551 400 2631 qui
413 2551 537 2631 scripsit,
558 2551 650 2611 videri
663 2563 770 2632 potest,
791 2571 857 2631 quar
872 2530 993 2613 Pontus
1014 2551 1083 2612 inde
1105 2569 1125 2611 a
1145 2551 1242 2611 verbis

107 2632 196 2695 delta
210 2631 404 2712 ribiexpetnnt
417 2633 533 2693 conrdia
547 2632 673 2704 dixerat,
695 2634 823 2694 breuiter
837 2654 897 2694 uno
911 2635 1001 2694 verbo
1020 2643 1146 2695 rnetnnnt
1159 2652 1241 2693 coma
1294 2658 1295 2667 ¹

108 2714 198 2795 plecti
210 2714 345 2774 voluisse.
387 2714 455 2774 Non
469 2713 593 2775 diffiteor
606 2725 704 2774 tamen
718 2715 882 2794 elegantem
896 2735 935 2774 ex
948 2719 1005 2774 ista
1017 2716 1162 2795 scriptura
1179 2714 1240 2774 lec·

111 2797 220 2856 monem
234 2795 403 2855 concinnari
414 2815 510 2875 posse,
531 2815 596 2875 quae
609 2815 669 2856 non
683 2795 788 2855 mirum
807 2796 884 2856 foret
897 2795 922 2855 si
941 2795 973 2854 in
995 2807 1078 2857 tanta
1098 2795 1238 2876 deprava-

114 2877 192 2939 tione
206 2877 395 2939 Mostellariae
408 2877 582 2938 interiisset:
927 2947 931 2954 ¹
1236 2908 1239 2915 ·

91 2983 94 2988 ’
840 3020 843 3047 ;
886 3013 947 3051 uam
960 2992 1134 3067 illiquinihil

179 3068 313 3135 metuunt,
329 3075 400 3140 post,
417 3083 499 3138 quum
511 3064 608 3121 mtlum
626 3065 834 3138 promeritumt,
850 3065 982 3136 metuunt,
1000 3065 1083 3123 stulta
1093 3064 1142 3121 eibi
1162 3063 1242 3136 expe·

250 3149 312 3197 tunt
431 3172 434 3177 ⁴
902 3192 903 3195 ,
1136 3174 1140 3181 ¹
1238 3165 1241 3177 ¹

179 3211 298 3267 consilia.
953 3218 957 3231 '

122 3325 152 3387 V·
172 3336 199 3394 5.
219 3330 349 3414 reprentr‘
368 3350 422 3410 pro
443 3330 606 3411 reprehensi
619 3329 703 3392 dedit
715 3342 747 3392 et
763 3328 853 3410 Carp.
865 3328 987 3401 Omnes,
995 3326 1118 3410 farciant
1132 3347 1150 3385 o
1165 3324 1239 3387 molo

122 3411 224 3484 poentio.
263 3414 395 3474 Metrum
416 3414 605 3486 monstrabat,
626 3435 645 3472 a
665 3411 739 3472 rnola
761 3412 947 3471 scribendum
961 3429 1034 3472 esse.
1077 3407 1147 3468 Hoc
1161 3408 1241 3471 enim

128 3491 185 3566 vult,
205 3494 299 3574 primo
320 3493 425 3556 malam
445 3494 535 3567 feriri,
556 3494 663 3565 deinde
686 3495 833 3573 graviores
857 3492 1005 3573 paullatim
1020 3508 1122 3570 poenas
1135 3508 1239 3548 succe-

59 3578 67 3643 ’ς
129 3564 191 3636 ders.
230 3576 268 3638 V.
281 3582 312 3637 6.
328 3581 357 3638 8.
374 3581 422 3638 10.
437 3576 520 3636 omisi
539 3577 615 3636 mala
629 3587 827 3636 correctorum
841 3575 1052 3653 supplementa.
1092 3571 1128 3629 In
1153 3568 1240 3629 codd.

129 3644 221 3738 ltcmae
232 3669 311 3718 sunt.
352 3659 390 3718 V.
404 3663 434 3718 6.
446 3657 678 3739 supplementum
692 3658 813 3717 aliarum
827 3655 895 3716 edd.
903 3658 1011 3734 faeere
1024 3655 1060 3712 de
1071 3673 1133 3726 sno,
1154 3651 1239 3710 omit·

130 3735 157 3788 trt
167 3737 207 3797 ed.
222 3742 310 3820 Carp.
331 3739 454 3800 Rectius
467 3740 510 3798 sic
524 3739 653 3819 expleas,
674 3738 920 3819 lonopromererr'.
961 3736 1042 3809 V-,7-
1057 3731 1238 3795 MssPalt.

71 3844 81 3899 ζ.
125 3818 233 3883 manua
247 3863 379 3885 ......
393 3818 556 3902 depnrant.
599 3820 670 3889 Hic,
691 3821 771 3898 quod
784 3819 1001 3900 suppleverunt,
1022 3814 1238 3877 thesoarnmin-

73 3902 81 3915 '
129 3887 279 3977 ltprront,
303 3923 343 3963 ex
364 3905 520 3964 obscurata
541 3901 649 3963 vetusti
673 3901 950 3981 codicis-scriptura
971 3909 1087 3959 erutum
1110 3896 1236 3968 videtur,

129 3983 199 4044 ilum
213 3984 279 4045 cod.
300 3983 470 4065 Lipsiensis,
490 3984 542 4044 sed
555 4002 658 4063 parum
671 3993 749 4063 apte,
770 4003 871 4043 norum
891 4001 1023 4063 magnum
1043 3979 1110 4038 inde
1127 3986 1238 4059 parant

75 4108 78 4115 .
128 4059 244 4148 lftffbeat.
287 4065 346 4126 Ed.
371 4066 459 4146 Carp.
483 4064 540 4128 sicr
560 4074 666 4147 augent
689 4074 730 4124 ert
746 4063 900 4146 pontillum
920 4062 991 4122 milri
1002 4062 1158 4142 inportare
1170 4079 1237 4118 oon·

80 4198 83 4203 .
128 4127 192 4227 ”litt
211 4141 261 4207 r'ed
272 4145 346 4208 illud
356 4157 407 4210 ert.
427 4146 531 4208 molon
545 4167 603 4207 rem
619 4147 716 4230 potins
739 4147 840 4207 canelo
863 4164 947 4226 quom
968 4152 1000 4202 nt
1019 4161 1110 4202 rnanrn
1129 4141 1237 4201 coriam

70 4174 80 4335 l
123 4220 320 4290 ‘maceranum
334 4251 457 4295 cernam.
498 4228 561 4288 Alii
573 4227 666 4288 aliter.
697 4228 804 4308 Aptius
812 4228 852 4287 ita
862 4229 1028 4304 conjectes:
1048 4223 1119 4283 milri
1131 4223 1162 4281 in
1166 4241 1235 4302 pec·

69 4338 72 4343 ·
126 4290 173 4356 ‘⁰⁷2
196 4309 227 4370 it
243 4311 343 4378 consili
363 4321 414 4386 ert,
434 4311 561 4373 devitare
572 4309 676 4371 rnnlnrn
689 4331 749 4374 rem
758 4310 853 4392 prins,
873 4325 957 4390 quarn
971 4311 1003 4368 n't
1021 4324 1112 4369 menno
1126 4312 1235 4385 tergam

65 4392 75 4437 l.
