2694 4866
190 322 212 361 x
626 295 877 360 numento·

192 466 286 548 iisque
306 464 486 546 explicandis
506 464 582 525 hanc
602 463 699 525 iniisse
719 465 871 539 rationem,
895 476 939 538 ut,
962 463 1059 544 quoad
1080 464 1193 537 liceret,
1217 462 1323 523 eodem

192 564 271 646 pede
288 584 381 644 usque
394 563 554 644 repetendo
567 582 667 624 versus
680 563 862 624 metirentur.
903 564 992 630 Quod
1011 563 1054 623 uti
1074 561 1251 622 verissimum
1267 571 1322 633 est,

193 660 236 724 ita
248 673 294 724 est
307 663 394 724 etiam
409 662 591 722 utilissimum
605 679 695 740 quum
708 661 747 721 ad
761 660 958 725 conditionem
971 661 1077 721 veteris
1090 659 1230 720 doctrinae
1249 677 1322 736 cog·

193 760 381 833 noscendam,
395 774 459 821 tum
472 759 510 820 ad
524 757 757 820 constituendam
771 760 923 829 rationem,
940 778 1004 839 quse
1024 758 1051 819 ei
1073 778 1139 818 cum
1159 757 1219 828 illo,
1241 755 1322 835 quod

192 858 277 920 nobis
289 859 436 940 agendum
449 870 503 929 est,
519 857 684 918 intercedit.
726 857 843 918 Etenim
858 857 883 917 si
896 856 1086 937 grammatici,
1100 874 1222 915 numero
1235 874 1321 935 sepo·

191 955 258 1030 rito,
272 956 344 1017 nihil
357 957 412 1018 nisi
424 956 600 1038 syllabarum
613 955 837 1037 compositiones
850 956 1023 1037 repetitione
1037 955 1166 1035 ejusdem
1180 953 1226 1012 vel
1246 971 1321 1013 con·

191 1053 291 1116 similis
303 1055 387 1136 pedis
399 1054 528 1114 indicare
543 1054 706 1130 voluerunt,
727 1073 787 1115 non
808 1066 971 1116 evertemus
993 1072 1058 1114 eam
1082 1053 1225 1112 rationem
1247 1068 1320 1109 con·

191 1151 289 1215 deum
301 1172 378 1214 nova
390 1153 534 1225 doctrina,
555 1172 620 1233 quae
642 1153 681 1213 sit
700 1173 740 1214 ex
762 1154 876 1213 numeri
899 1154 1013 1233 legibus
1036 1151 1139 1232 petita,
1159 1150 1212 1210 sed
1233 1148 1320 1228 plane

191 1251 271 1313 aliud
283 1252 445 1324 afferemus,
460 1263 589 1312 veterem
603 1251 784 1331 disciplinam
797 1252 937 1312 intactam
951 1253 981 1310 in
994 1250 1091 1312 medio
1111 1249 1319 1327 relinquentes.

190 1348 389 1411 Nihilominus
403 1350 565 1411 doctrinam
577 1349 666 1421 illam,
687 1348 748 1410 sive
770 1369 789 1409 a
808 1349 1015 1429 grammaticis,
1038 1348 1099 1408 sive
1121 1348 1215 1407 multo
1238 1344 1319 1425 prius

189 1446 308 1508 inventa
320 1460 375 1524 est,
389 1468 448 1509 non
460 1448 562 1510 videor
574 1449 645 1508 mihi
658 1448 762 1530 injuria
782 1447 1011 1528 reprehendisse.
1052 1447 1128 1506 Nam
1151 1457 1184 1506 ut
1208 1448 1315 1505 conce-¹

191 1544 268 1618 dam,
282 1547 411 1626 potuisse
424 1547 555 1607 adhiberi
568 1547 652 1606 istam
666 1545 805 1606 metiendi
815 1545 968 1620 rationem,
981 1556 1012 1605 at
1025 1564 1102 1624 nego
1116 1555 1214 1604 minen
1226 1541 1316 1602 fuisse

136 1696 142 1705 .
190 1641 394 1716 adhibendam,
410 1644 478 1723 quia
490 1645 631 1704 absonum
645 1654 699 1716 est,
722 1643 810 1703 dividi
830 1643 939 1724 aliquid
959 1644 990 1702 in
1010 1642 1079 1703 alias
1099 1653 1206 1722 partes,
1227 1659 1313 1719 quam

160 1790 163 1796 .
190 1761 262 1822 quas
283 1753 388 1803 natura
405 1741 567 1803 constituit.
606 1741 694 1814 Nam,
719 1753 752 1801 ut
776 1742 911 1821 exemplo
936 1752 1001 1801 utar
1023 1741 1062 1800 ad
1084 1740 1160 1799 hanc
1183 1758 1245 1799 rem
1265 1757 1314 1799 ac·

189 1840 463 1913 commodatissimo,
488 1833 562 1919 quis,
587 1859 701 1921 corpus,
716 1840 876 1899 humanum
905 1840 1081 1911 describens,
1104 1849 1176 1917 quot
1200 1837 1314 1897 cubitos

188 1937 309 2016 longum
320 1939 367 2008 sit,
383 1938 489 2007 dicere,
505 1957 591 2018 quam
609 1938 766 2018 exquibus
785 1938 921 1998 membris
935 1948 1059 2012 constet,
1076 1954 1234 2015 eorumque
1247 1955 1314 2014 quoe

136 2078 141 2085 -
187 2036 226 2097 sit
239 2037 316 2097 inter
328 2037 391 2117 ipsa
404 2037 592 2116 comparatio,
606 2036 735 2096 indicare
755 2035 879 2097 mallet?
911 2037 981 2096 Hoc
993 2036 1087 2116 ipsum
1108 2053 1178 2094 vero
1199 2033 1314 2093 metrici

148 2139 152 2149 '
186 2131 229 2193 illi
242 2133 273 2193 in
280 2133 411 2196 versibus
422 2134 544 2209 faciunt,
557 2154 648 2215 quum
662 2153 713 2195 eos
726 2153 785 2194 non
799 2134 828 2192 in
843 2134 958 2194 ordines
971 2145 1002 2194 et
1011 2133 1209 2204 membrosus,
1221 2131 1313 2191 sedin

185 2232 276 2313 pedes
300 2233 399 2305 trium,
423 2244 597 2313 quattuorve
615 2233 790 2314 syllabarum
812 2232 957 2293 dividunt.
998 2235 1180 2310 Quamquam
1203 2229 1249 2290 vel
1271 2228 1313 2290 sic

186 2350 237 2392 eos
250 2318 409 2402 laudarem,
424 2333 449 2391 si
461 2343 629 2392 constarent
641 2331 696 2391 sibi
710 2331 740 2389 in
754 2331 810 2390 ista
831 2333 958 2392 rationes
978 2341 1008 2391 at
1030 2340 1074 2393 est
1098 2330 1148 2389 uhi
1172 2346 1236 2388 eam
1260 2328 1312 2388 de·

186 2438 295 2501 serant,
309 2439 351 2502 et,
365 2427 443 2487 unde
457 2447 517 2487 non
530 2429 651 2509 aliquid,
664 2427 718 2489 sed
730 2429 828 2487 omnia
840 2439 941 2508 petere
955 2427 1162 2501 debebantad
1175 2446 1312 2488 numeros

187 2523 368 2603 confugiant,
382 2525 459 2584 utin
472 2525 571 2586 multis
584 2545 683 2586 eorum
698 2544 844 2600 versuum,
858 2526 909 2606 qui
920 2527 1079 2607 asynarteti
1092 2538 1243 2587 vocantur.

226 2623 327 2695 Vides,
348 2623 392 2682 vir
404 2624 648 2703 praestantissime,
663 2643 722 2704 qno
738 2624 803 2684 hoec
823 2626 955 2686 tendant.
996 2626 1153 2686 Podtarum
1173 2624 1222 2683 illa
1241 2643 1309 2703 per.

183 2720 341 2782 fectissima
366 2741 413 2783 ars
439 2742 475 2782 ac
502 2723 653 2804 disciplina
678 2724 765 2804 plana
790 2723 891 2804 periit:
928 2725 1184 2805 grammaticorum
1210 2734 1310 2784 autem

184 2818 319 2881 doctrina
338 2821 419 2881 nulla
438 2808 582 2902 exparte
602 2822 753 2883 satisfacit.
792 2826 866 2890 Quae
888 2822 913 2884 si
934 2824 1052 2884 inventa
1072 2824 1109 2883 ab
1129 2823 1242 2894 hiscat,
1257 2843 1310 2884 cur

184 2918 269 2977 nobis
291 2937 352 2977 non
374 2918 451 2979 idem
475 2919 513 2979 sit
536 2920 658 2993 licitum,
689 2920 848 3000 praesertim
879 2941 970 3002 quum
990 2933 1021 2982 et
1040 2921 1102 2982 aliis
1126 2921 1155 2980 in
1179 2920 1310 3000 partibus

67 3025 70 3031 '
183 3016 380 3095 grammatice
393 3017 482 3078 hodie
495 3019 588 3080 multo
604 3018 719 3101 acutius
732 3024 895 3093 cernamus,
918 3031 949 3080 et
973 3020 1091 3080 omnino
1113 3019 1230 3080 testium
1254 3019 1310 3081 illis

182 3114 290 3195 potius,
311 3133 398 3194 quam
413 3116 547 3198 judicum
566 3117 724 3178 auctoritas
744 3117 934 3178 concedenda
956 3118 1012 3178 sit?
1052 3118 1097 3178 sin
1118 3120 1214 3196 po'e'tae
1235 3137 1309 3196 quo·

182 3232 241 3293 que
261 3211 364 3273 eadem
384 3213 508 3287 ratione,
533 3215 603 3276 licet
624 3215 772 3295 aliquanto
792 3215 981 3295 explicatiore
1001 3227 1032 3277 et
1051 3215 1237 3296 perfectiore,
1265 3216 1310 3278 usi

181 3321 259 3383 sunt,
281 3331 319 3372 ue
337 3298 398 3372 hoc
418 3311 536 3391 quidem
556 3313 698 3395 ejusmodi
718 3323 773 3386 est,
786 3324 820 3373 ut
833 3314 870 3374 ab
894 3332 931 3375 ea
948 3314 1139 3395 improbanda
1159 3313 1308 3378 deterrere

144 3440 156 3449 ν
181 3426 237 3468 nos
263 3407 363 3488 possit.
405 3409 482 3469 Nam
510 3410 574 3488 quis
601 3410 728 3490 ignorat,
759 3422 861 3485 artem,
891 3412 1007 3472 assiduo
1027 3412 1140 3473 monitu
1166 3413 1308 3491 magistri,

180 3507 322 3587 exemplis
342 3507 474 3580 aliorum,
495 3509 612 3588 propria
624 3508 752 3589 denique
772 3508 982 3571 exercitatione
1004 3510 1143 3592 adjutam,
1163 3530 1223 3571 non
1243 3532 1308 3574 esse

177 3625 218 3669 ex
240 3607 341 3689 paucis
364 3608 622 3680 observationibus,
644 3608 749 3688 quibus
775 3608 940 3669 summatim
961 3611 1093 3688 quadam
1120 3615 1182 3691 ejus
1210 3611 1307 3690 capita

178 3695 476 3785 comprehenduntur,
494 3705 707 3787 judicandam?
751 3705 949 3786 Omninoque,
973 3706 998 3766 si
1020 3707 1185 3769 habuerunt
1208 3711 1306 3788 poe'tae

177 3798 276 3862 Graeci
297 3801 478 3882 disciplinam
497 3804 587 3877 illam,
608 3825 674 3886 quse
693 3823 713 3865 a
731 3802 927 3885 grammaticis
957 3804 1064 3866 hadita
1091 3816 1146 3878 eat,
1173 3824 1233 3865 non
1259 3817 1305 3867 eat

176 3897 291 3970 mirum,
322 3912 427 3961 natura
456 3919 644 3963 numerorum
674 3903 730 3963 illis
764 3903 943 3984 temporibus
976 3905 1107 3966 nondum
1139 3915 1304 3984 perspecta,

52 4064 64 4087 x
175 3995 339 4057 doctrinam
367 3999 515 4061 conditam
544 4020 617 4075 esse,
648 4018 745 4081 quam,
775 4004 846 4063 licet
879 4021 939 4062 non
968 4003 1038 4064 satis
1068 4013 1175 4080 aptam,
1204 4015 1303 4064 tamen

100 4125 104 4137 ι
174 4112 255 4167 usus,
275 4101 381 4156 natura
407 4099 484 4159 duce
504 4116 605 4159 verum
633 4117 767 4178 sequens,
781 4085 949 4160 ‘innoxiam
979 4098 1124 4160 redderet.
1164 4098 1200 4160 Id
1223 4101 1304 4178 quod

176 4191 265 4253 etiam
284 4194 347 4255 aliis
365 4195 397 4254 iu
416 4198 504 4258 rebus
524 4195 678 4257 usuvenire
695 4195 836 4280 ridemus
880 4196 1026 4277 Exemplo
1040 4209 1115 4272 utar,
1134 4217 1192 4278 quo
1206 4216 1304 4276 neque

172 4289 310 4355 illustrius
329 4294 431 4373 ullum,
451 4316 548 4378 neque
568 4315 635 4357 cum
655 4296 712 4357 hac
741 4295 936 4378 disputatione
966 4296 1152 4376 conjunctius
1180 4291 1303 4359 inveniri

727 4455 744 4499 6
