2694 4866
92 249 150 372 'ra
206 284 213 307 ”
499 302 579 367 mn.
592 307 633 374 11.
654 300 747 368 cnr.
767 304 838 366 vn.

115 474 201 536 facile
215 476 276 568 ejus
289 470 346 534 alia
359 458 494 569 exempla
513 473 650 568 invenias,
665 492 830 554 quamque
850 492 936 568 nemo
956 493 1016 533 non
1029 471 1130 534 statim
1143 491 1227 537 rema·
1262 474 1264 479 ’

117 575 186 697 '⁸25
198 555 1075 724 111111100111111131111111011...
1088 635 1227 697 ..nm
1261 590 1264 727 Ι

117 738 179 790 cus,
193 729 256 778 tum
269 719 293 777 si
306 737 364 778 non
375 718 741 799 systematedimetrorum‚
752 731 782 777 at
797 729 877 777 certe
891 737 956 796 quoe
964 717 1056 776 videri
1069 716 1227 796 hujusmodi

116 810 273 880 systemata
298 800 420 880 possint,
454 799 649 870 inveniuntur,
677 818 764 878 quam
791 799 932 858 rationem
959 799 988 856 in
1022 799 1227 860 trochaicornri
1261 730 1264 895 1

116 900 250 942 versuum
264 880 528 941 consociationibus
540 881 655 959 sequuti
665 881 732 953 sint,
746 880 822 940 infra
833 880 1035 958 disputabitur.

132 969 185 1033 ,5.
206 963 386 1023 Trochaicos
399 962 546 1022 trimetros
565 981 661 1041 neque
674 962 818 1040 trsgoedia
831 981 927 1040 neque
941 960 1085 1021 comoedis
1097 977 1226 1040 umquam

114 1045 243 1122 agnovit.
283 1045 361 1103 Haec
385 1043 522 1105 Bentleii
530 1044 619 1103 verbe
631 1054 700 1102 sunt
720 1043 759 1103 ad
780 1043 929 1104 Ciceronis
943 1046 981 1110 Q.
1002 1042 1092 1102 Tusc.
1108 1042 1228 1115 u1,·1t

115 1124 286 1205 dictumque
299 1126 357 1185 hoc
370 1137 415 1185 est
427 1125 583 1184 verissime.
624 1124 701 1185 Nam
723 1144 787 1203 qurc
800 1143 839 1185 ex
861 1124 1058 1216 Aristophane
1078 1122 1147 1182 olim
1160 1138 1228 1182 emt

115 1206 251 1285 essempla
273 1205 470 1279 trimetrorum
483 1206 570 1266 allata
583 1217 677 1279 erant,
691 1218 772 1274 recte
792 1205 905 1273 monuit
920 1203 1103 1265 Garsfordius
1116 1224 1148 1283 p.
1166 1206 1226 1266 063.
1253 1276 1257 1283 ,

116 1287 173 1346 alia
185 1306 320 1346 versuum
340 1287 525 1348 distinctione
538 1287 664 1347 amoveri
684 1305 779 1365 posse.
813 1284 902 1357 'Quos
921 1297 1019 1346 autern
1032 1304 1072 1347 ex
1087 1280 1227 1366 Sophocli

118 1368 188 1431 OEd.
204 1368 269 1429 Col.
285 1372 372 1430 1081.
389 1374 477 1431 1092.
491 1388 594 1428 versus
607 1367 669 1447 ipse
682 1367 774 1437 affert,

198 1483 243 1544 db'
257 1485 369 1545 annale
381 1485 556 1567 vexilium
569 1484 681 1552 sciuris,

199 1570 244 1627 ael
259 1568 410 1639 sarmium
424 1567 612 1626 contrarietur
625 1564 729 1638 tulit,

117 1693 178 1745 non
200 1684 303 1763 magis,
325 1695 358 1744 ut
384 1695 465 1763 puto,
490 1703 577 1764 quarn
604 1704 669 1764 quoe
695 1685 774 1765 apud
799 1684 955 1747 Pindarum
979 1682 1083 1745 similia
1106 1679 1225 1762 esempls

117 1776 247 1840 exstant,
260 1764 415 1827 trochaicis
438 1766 565 1826 numeris
585 1766 767 1826 accensenda
789 1767 950 1846 suntquis
972 1766 1162 1845 spondeusin
1178 1764 1225 1822 hoo

115 1866 225 1926 genere
239 1854 298 1906 tarn
312 1865 413 1906 severa
430 1846 497 1924 lege
511 1850 578 1906 cum
599 1847 727 1907 troc'haeo
741 1849 876 1921 alternat,
895 1859 928 1907 ut
947 1849 1011 1925 ejus
1024 1848 1092 1907 loco
1104 1866 1144 1908 na
1155 1851 1226 1926 pot!

116 1928 234 2006 quidem
256 1927 400 1987 trochaeus
423 1928 492 2005 poni
513 1928 654 1988 videatur.
696 1929 744 1988 De
762 1948 865 2009 quare
885 1927 959 1989 etin
980 1927 1179 1988 dissertatione
1194 1923 1224 1983 dt

116 2009 309 2100 quorumdam
332 2019 492 2067 metrorum
514 2028 650 2070 mensura
674 2010 839 2091 rhythmica
859 2009 971 2071 dictum
994 2021 1049 2084 est,
1067 2005 1226 2071 <erinnis

117 2089 192 2151 hbro
205 2089 293 2152 tertio
307 2089 510 2172 explicabitur.

560 2271 674 2349 cur.
701 2271 795 2349 v11.
861 2326 864 2331 .
963 2216 965 2221 ⁸

231 2466 282 2518 nn
308 2447 534 2518 rnocnmbrs
560 2465 825 2518 rennuunrms
849 2450 1163 2519 sinirnensis*
1246 2490 1250 2507 ι

114 2606 117 2614 “
161 2611 190 2668 1.
209 2606 258 2666 Ex
270 2618 510 2667 ¹nrrrnruunrrrrs
523 2603 716 2666 nobilissimus
729 2617 773 2666 est
793 2623 1051 2680 carsnncrrous,
1086 2612 1230 2686 uopraeter
1261 2650 1264 2663 .

118 2687 342 2768 iambographos
355 2688 460 2768 tragici
480 2698 511 2747 et
524 2687 628 2751 cornici
648 2688 694 2747 usi
706 2698 784 2748 suut.
826 2689 874 2749 Ac
887 2688 991 2766 tragici
1012 2626 1129 2767 quidem
1142 2679 1231 2747 Greci

117 2771 258 2843 maxime,
271 2770 321 2828 ubi
334 2773 425 2849 major
438 2769 599 2829 animorum
613 2780 709 2828 motus
722 2769 752 2843 in
766 2769 917 2849 colloquiis
930 2768 1136 2847 exprimendus
1149 2776 1230 2830 esset}

118 2850 279 2931 eademque
292 2851 359 2929 lege
373 2850 459 2910 etiarn
474 2851 578 2910 comici
586 2845 693 2918 Latini,
706 2852 755 2930 qui
769 2850 886 2930 quidem
899 2849 1117 2910 hocversunon
1127 2846 1232 2928 parcius

139 2951 206 2993 uam
218 2931 332 2992 senario
344 2931 469 2994 iambico
484 2941 615 2991 utuntur.
655 2931 756 2991 Habet
769 2931 819 2990 ille
832 2950 970 2991 caesuram
984 2931 1013 2988 iu
1028 2930 1091 2991 tino
1105 2926 1235 2990 secunde

117 2951 256 3092 lipodise,
271 3025 357 3091 quam
378 3011 577 3092 iambographi
590 3023 621 3072 et
633 3012 736 3092 tragici
751 3012 850 3072 Graeci
870 3012 1088 3091 diligentissime
1108 3013 1234 3072 obaem-
1250 3050 1258 3059 -

118 3106 198 3154 runt.
238 3093 288 3152 Ex
312 3093 429 3172 tragicis
443 3093 502 3153 duo
523 3105 638 3155 tanturn
651 3094 794 3174 neglectae
815 3111 932 3154 cesurae
952 3092 1087 3172 exempla
1100 3091 1231 3157 novimus

40 3178 61 3247 s
118 3193 211 3235 unum
224 3174 359 3255 AEschyli
372 3175 402 3234 in
416 3174 511 3234 Persis
527 3180 595 3237 164.

160 3286 163 3290 Δ
200 3288 341 3369 reincipiat
353 3289 435 3356 διπλῆ
446 3289 544 3374 μίμμῗ
556 3291 687 3374 ἔφςιστος
701 3293 764 3353 insit
778 3293 798 3354 ir
813 3294 904 3376 verrit,
1201 3354 1204 3359 ,

119 3401 202 3545 puod
214 3402 268 3463 etsi
282 3421 341 3462 non
355 3402 520 3496 dubitamus
533 3422 586 3482 pro
600 3400 740 3484 corrupto
751 3404 870 3500 habere,
883 3404 967 3465 aliter
976 3414 1075 3464 tamen
1085 3396 1234 3498 emendem

142 3493 351 3564 umputamus,
373 3503 458 3563 quarn
471 3503 564 3543 visum
584 3496 629 3545 est
643 3487 681 3545 R.
703 3487 834 3546 Porsono
847 3507 877 3545 rn
897 3486 978 3566 praef.
991 3485 1030 3544 ad
1050 3474 1239 3564 Eurrpfflst·

120 3588 151 3648 p.
168 3572 220 3630 43.
235 3566 343 3647 quique
366 3564 446 3625 hunc
458 3584 490 3625 se
510 3575 607 3639 uutus,
632 3577 677 3625 est
690 3567 882 3628 Blomfieldio.
908 3567 972 3628 'De
985 3566 1078 3629 altero
1098 3562 1209 3646 exempl

120 3649 202 3728 quod
216 3646 368 3728 Sophoclis
382 3647 506 3709 estinP
526 3647 606 3709 iloct.
621 3651 709 3723 1402.
1171 3702 1204 3739 ‚¹

202 3777 237 3827 N·
258 3764 358 3827 tilieti
367 3769 509 3845 στείχωμεν.
531 3777 565 3827 Φ.
579 3764 600 3826 ri
612 3773 720 3842 γενναῖον
732 3771 828 3851 signetis
841 3767 911 3842 ists,

120 3883 182 3957 jam
196 3898 292 3959 supra,
315 3880 386 3959 quid
398 3881 531 3953 sentiam,
554 3880 679 3942 indicari
692 3882 743 3942 lib.
768 3884 795 3943 I.
815 3901 881 3961 cap.
904 3886 934 3955 8,
951 3886 999 3942 ll.
1024 3878 1149 3941 Porsoni
1167 3873 1237 3939 enim

123 3962 304 4036 conjectura,
319 3964 402 4040 cujus
415 3961 548 4020 notitiem
560 3961 700 4042 debemus
711 3963 888 4024 'Gaisfordio
902 3964 933 4021 in
952 3961 1029 4022 notis
1042 3961 1081 4021 ad
1094 3958 1239 4042 Hephai-

125 4059 156 4120 p.
180 4043 251 4102 264.
271 4060 373 4101 vereor
396 4051 429 4100 ut
452 4042 693 4121 probaripossit,
717 4062 840 4124 eamque
862 4045 935 4125 ipse,
960 4043 1073 4121 opinor,
1099 4042 1238 4101 Porsen&

39 4117 43 4128 ‘
123 4120 278 4201 postmodo
299 4121 480 4202 improbavit.
521 4124 642 4195 Comici,
664 4143 788 4202 quorum
807 4124 962 4193 veterrimi,
986 4135 1019 4184 ut
1042 4122 1239 4202 Epicharmus.

124 4199 249 4262 multum
272 4202 330 4263 hoc
356 4215 451 4263 metro
476 4202 613 4262 delectati
636 4205 779 4276 videntur,
808 4208 886 4266 unde
913 4206 1001 4271 etiarn
1029 4202 1240 4286 Epicharmium

125 4278 237 4343 dictum
251 4293 295 4342 est
308 4294 383 4345 teste
400 4283 495 4344 Mario
509 4283 662 4345 Victorino
675 4305 704 4363 p.
718 4290 808 4349 2530.
821 4287 977 4369 saepissime
989 4285 1144 4366 negligunt
1157 4301 1243 4345 cresu-

62 4400 65 4429 ι
123 4381 199 4440 ram,
213 4373 247 4427 ut
267 4363 477 4450 Aristophanes
494 4365 528 4428 in
541 4367 622 4430 Nub.
641 4369 812 4434 aot-609.
853 4368 1022 4434 Aristidem
1037 4365 1245 4435 Quintilianum
