2694 4866
316 330 319 335 ⁴
414 317 472 380 DE
493 315 635 380 VERSU
656 316 885 379 SATURNIO.
1146 316 1206 380 tot

89 516 91 521 ’
156 561 165 575 .
202 560 211 577 .
245 520 393 578 Mercurius
407 523 518 595 cumque
531 520 787 579 eoiiliusLatonar.

89 640 238 702 Homerus
253 660 281 702 v.
297 645 364 703 322.

236 757 238 761 ’
472 757 535 828 ἦλθ’
549 758 647 840 ἰςιοόνις
825 832 829 843 Ι

167 837 296 922 Ἑζμαάς,
309 835 384 908 ἦλθεν
398 837 424 899 dl
437 839 503 913 α’ίιιξ
516 841 631 924 indiguos
645 838 790 900 'drittun

88 969 173 1031 Idem
188 970 353 1030 Priscianus
366 972 469 1031 eodem
482 973 562 1035 loco:
599 1028 601 1033 .

159 1122 221 1180 nam
234 1106 295 1161 diva
306 1107 432 1162 Monetas
443 1104 501 1162 fllia
512 1106 612 1162 docuit.
643 1140 646 1144 Δ

91 1223 141 1284 Sic
168 1225 299 1306 Scaliger
321 1225 359 1285 ad
383 1228 459 1288 Fest.
482 1229 564 1305 inv.
588 1227 787 1288 cornircurum.
829 1224 906 1286 Nam
930 1225 1007 1305 apud
1031 1222 1212 1288 Prisciauum

90 1306 181 1365 ctiam
195 1308 225 1365 in
246 1308 333 1367 codd.
353 1308 459 1368 nostris
481 1309 614 1370 omnibus
635 1308 742 1389 legitur
751 1306 859 1387 filium.
892 1307 966 1369 Cod.
987 1307 1130 1371 Zwiccav.
1154 1328 1214 1370 sec.

92 1387 203 1447 diuina.
245 1389 393 1449 Homerus
407 1411 437 1452 v.
449 1396 520 1452 480.

139 1555 141 1559 .
416 1506 492 1568 οὕνεκ’
506 1508 560 1592 o'r'ga
573 1505 648 1586 σφῖας

174 1585 247 1665 οἴμας
262 1589 342 1646 Mcdtr'
359 1585 464 1661 {diducis
520 1659 523 1665 Ι

137 1704 187 1763 19.
208 1700 256 1758 Ex
270 1700 383 1760 decimo
396 1701 471 1761 libro
481 1715 535 1773 est,
551 1701 630 1781 quod
645 1700 809 1761 PriscIauus
821 1702 911 1763 habet
924 1703 1024 1782 HLp.
1038 1707 1108 1765 606.
1163 1750 1166 1755 ,

153 1880 156 1886 ,
166 1855 480 1874 ........
515 1813 660 1874 inferusau
673 1837 783 1891 superus

166 1888 215 1965 tilri
225 1886 278 1943 fert
290 1889 365 1955 deus,
374 1889 476 1957 funera,
487 1889 589 1946 Ulixes.

97 2004 227 2087 Profert
241 2009 307 2071 cod.
322 2011 362 2069 D.
375 2011 563 2092 lambisco,
578 2012 720 2073 Zwiccav.
740 2032 799 2072 sec.
808 2014 884 2092 fist.
926 2012 986 2072 Pr0
994 2014 1109 2092 sunem
1129 2010 1223 2070 Zwic·

98 2107 159 2150 cuv.
173 2093 282 2168 primus
296 2112 421 2151 munera.
464 2094 540 2153 Haec
554 2095 651 2167 verba,
666 2115 741 2172 quae,
757 2105 789 2154 ut
803 2094 859 2153 alia
872 2093 1005 2173 quaedam
1021 2093 1095 2153 Livii
1110 2104 1141 2152 et
1155 2073 1223 2150 Nm·

97 2171 137 2228 cii
160 2170 333 2250 fragmenta,
361 2172 471 2232 bonum
495 2194 608 2233 versum
632 2175 783 2234 heroicum
811 2176 962 2254 praebeut‚'
980 2185 1104 2254 possunt
1127 2176 1228 2234 tamen'
1281 2184 1282 2192 ’

99 2262 195 2312 metro
215 2252 350 2313 Saturnio
375 2255 479 2334 aptari.
519 2255 637 2316 Merula
660 2256 698 2316 ad
721 2255 848 2315 Ennium
870 2277 899 2336 p.
924 2261 973 2316 88.
1013 2255 1130 2314 Livium
1153 2273 1227 2314 non·

99 2351 258 2412 numquam
280 2334 414 2395 heroicos
427 2355 527 2395 versus
540 2337 694 2397 inseruisse
709 2338 890 2417 opinabatur.
932 2337 1081 2396 Homerus
1094 2356 1122 2395 v.
1136 2340 1186 2397 64.

342 2454 378 2519 τίς
393 2480 430 2512 τοι
444 2459 522 2521 secie
531 2451 607 2535 ῗχςαε
622 2452 730 2532 disticon

89 2580 207 2676 'Festus
220 2582 251 2640 in
264 2602 290 2643 v.
304 2595 422 2668 topper:
443 2586 474 2643 in
500 2586 620 2667 Odyssia
645 2594 754 2645 uetere:
775 2594 874 2678 topper
883 2585 966 2665 sarit
986 2582 1110 2677 tornines
1131 2581 1223 2677 utrius

89 2665 220 2742 fierint.
264 2671 361 2725 Acutc
371 2665 516 2745 Scaliger,
531 2677 629 2747 topper
629 2667 711 2744 facit
731 2667 855 2725 homenes
875 2666 949 2729 veris
965 2686 1062 2737 sueres,
1073 2671 1156 2742 saut
1168 2682 1222 2746 pro

90 2746 174 2825 sarit
188 2744 299 2805 dictum
314 2759 430 2826 putans.
471 2748 648 2820 correctius,
663 2749 766 2826 opinor
779 2747 902 2808 scribes:

118 2932 121 2938 .
173 2918 184 2936 .
218 2918 226 2935 .
261 2917 271 2934 ·
305 2896 401 2954 topper
410 2882 492 2939 ficiet
501 2882 622 2938 hdmiucs
633 2880 715 2939 verris
726 2867 824 2940 sueres.

106 2997 254 3061 Homerus
268 3021 295 3062 v.
308 3007 376 3065 toa.
489 3003 492 3010 ’

424 3120 495 3193 deti
516 3122 636 3191 sicanus

107 3264 110 3268 .
186 3200 204 3272 d
216 3209 272 3275 etr,
284 3204 308 3268 il
319 3202 411 3271 λῦιιους
425 3207 563 3277 ποιέηται,
577 3207 600 3271 ii
610 3205 719 3272 λίοιτις.

146 3318 196 3376 60.
216 3316 392 3376 Duodecimi
406 3318 471 3376 libri
484 3318 542 3377 hoc
556 3331 608 3388 est,
625 3318 704 3397 apud
718 3318 836 3377 Festum
860 3305 964 3376 eodeni
986 3315 1065 3396 loco:
1085 3325 1224 3395 “topper

110 3405 130 3436 “
143 3397 194 3456 citi
207 3396 246 3455 ad
265 3398 334 3457 ardis
347 3399 478 3459 venimus
496 3399 599 3467 Circae,
615 3400 700 3459 simul
714 3399 812 3458 duona
824 3417 925 3459 eorum
946 3409 1064 3476 portant
1085 3396 1123 3457 ad
1144 3396 1224 3457 navis

113 3487 132 3518 “
145 3478 244 3538 millia.
258 3479 314 3539 alia
327 3480 357 3538 in
375 3480 468 3539 isdem
491 3481 716 3541 inserinuntur.’'
759 3480 890 3559 Scaliger
909 3481 1064 3540 duonorunr
1092 3479 1226 3556 corrigit:

105 3558 161 3619 aad
172 3559 293 3631 fallitur,
317 3581 406 3638 quum
420 3574 566 3640 postrema
580 3553 696 3642 quoque
709 3562 798 3623 verba
811 3562 886 3620 Livii
899 3580 962 3620 esse
984 3571 1078 3638 putat.
1120 3563 1224 3632 Recte,

109 3641 266 3783 ffw'haec
281 3641 367 3702 Festo
381 3644 557 3715 tribuuntur,
579 3645 620 3702 ita
633 3644 758 3723 scripta:
778 3641 836 3703 aliu
861 3644 891 3703 in
913 3643 1011 3702 ir'sdem
1034 3642 1225 3701 inueniuntur.

137 3723 255 3801 xempla
268 3723 349 3798 dicit,
364 3742 489 3802 quorum
501 3726 584 3805 plura
592 3729 653 3806 jam
666 3725 812 3786 attulerat.
853 3722 931 3783 Livii
943 3725 1031 3783 verba
1043 3723 1086 3783 sic
1098 3723 1226 3782 scriben-

112 3800 149 3863 tla
160 3816 251 3884 puto:

177 3965 299 4054 adaedis
309 3969 429 4055 redimiri
441 3969 550 4058 Hircosi:
570 3936 808 4058 {innidiiiimm

177 4069 288 4141 portant
299 4072 332 4126 ad
344 4072 416 4127 novis
427 4072 518 4128 millia.

114 4192 186 4270 Nam
200 4196 250 4256 citi
263 4197 464 4279 interpretatio
479 4212 533 4270 est,
548 4201 710 4261 cu’usmodi
734 4201 992 4282 interpretamenta
1011 4197 1115 4278 sepius
1128 4198 1159 4258 in
1172 4198 1228 4258 istc
1282 4242 1287 4265 ‚

112 4272 188 4339 Festi
202 4277 268 4342 loco
282 4279 320 4342 ad
333 4300 436 4344 vocem
449 4290 548 4366 topper
562 4301 579 4344 a
615 4284 709 4366 cripta
721 4283 819 4346 videre
839 4281 920 4347 licet.
960 4281 1111 4346 Homerus
1131 4300 1158 4341 v.
1182 4285 1228 4342 16.

498 4371 505 4415 ,’
700 4378 709 4406 r
