2694 4866
278 224 652 310 0510111511015
678 240 995 304 rurnrunrnrs.
1138 212 1197 306 ass

89 429 145 482 ines
159 416 350 490 excedantur.
370 416 447 476 Nam
457 412 530 473 illud
544 411 661 492 quidem
676 412 821 472 neminem
835 412 1035 472 dubitaturum
1049 420 1191 492 putamus,

89 505 194 564 itiosos
209 519 271 561 esse
284 518 395 570 versus,
408 497 500 577 qualis
511 494 561 553 hic
575 505 618 554 est
632 493 663 551 in
677 494 891 555 Αο111111.645.

153 618 220 682 ὅστις
234 611 441 698 squaedam
453 609 596 694 ’ASvpm'us
610 615 684 670 515511
697 613 732 670 ml
745 607 842 682 5511150,

89 743 126 792 ‚ut
141 731 190 790 ubi
204 732 234 787 in
248 727 371 789 articulo
384 726 431 786 vel
444 723 645 805 praepositione
667 723 705 783 ad
730 723 881 804 sequentia
903 723 1067 804 pertinente
1086 741 1197 786 caesura

89 815 134 887 iat,
150 811 227 871 utin
243 811 320 868 Nub.
337 813 406 881 371.
434 807 510 866 Rau.
527 810 616 867 1058.
1007 838 1010 843 ,

156 933 180 992 rit
195 934 234 988 ‘clv
247 927 381 996 Ἀπέλλω,
395 922 467 984 τοῦτο’
481 922 511 996 yi
524 948 560 982 cor
574 927 609 1000 τᾷ
621 928 668 982 rari
681 923 748 1000 bo'yp
762 919 789 984 tri
801 922 967 1004 προσέφυσας.

156 1008 210 1068 εἶτα
223 1007 329 1081 διδάξεις
343 1008 398 1072 τοὺς
415 1004 525 1086 Πέρας,
538 1008 603 1081 paral
615 1004 681 1064 τοῦτ’
695 1007 824 1082 ἐπιθυμῶ
837 1001 949 1078 ὓίδιξι.

89 1127 119 1185 lt
134 1125 158 1184 si
173 1125 203 1182 in
213 1124 343 1184 dimetria
356 1140 432 1201 saepe
447 1139 506 1178 non
520 1118 550 1177 in
564 1118 683 1179 secundi
697 1118 778 1199 pedis
791 1119 859 1190 fine,
874 1119 926 1178 sed
940 1120 968 1178 iu
982 1120 1091 1199 syllaba
1103 1120 1197 1196 brevi,

89 1227 144 1286 puae
157 1206 288 1284 sequitur
310 1225 376 1264 eum
402 1202 516 1283 pedem,
542 1199 696 1270 inciditur;
726 1200 814 1259 immo
837 1199 860 1259 si
885 1201 913 1258 iu
934 1202 1043 1280 syllaba
1066 1223 1111 1274 ea,
1132 1223 1198 1281 quae

89 1288 168 1346 1111111
189 1298 233 1346 ert
253 1286 391 1366 anapaesti
410 1286 441 1343 in
458 1292 598 1361 sequente
613 1300 708 1354 versu,
722 1292 755 1341 ut
768 1282 799 1340 iu
812 1282 878 1342 loco
892 1301 979 1362 supra
992 1284 1079 1345 allato
1094 1305 1111 1346 e
1125 1287 1197 1344 Ves-

89 1369 202 1433 15750.
1155 1375 1157 1378 ⁴

158 1484 187 1544 ἵν’
202 1487 213 1542 o‘
227 1485 302 1565 κέςυξ
316 1487 383 1558 φησί·
405 1485 441 1552 τίς
452 1482 554 1563 ἇψέφι·

158 1592 233 1634 eros,
256 1565 412 1626 discedeba-

89 1700 133 1741 ou
150 1691 196 1739 est
209 1669 351 1758 profecto,
373 1700 461 1759 quare
482 1698 621 1760 negemus
642 1678 719 1740 idem
733 1679 801 1739 lieri
821 1678 948 1759 potuisse
968 1680 998 1740 iu
1019 1692 1199 1745 tetrametro.

89 1764 179 1830 luare
192 1759 272 1819 hunc
285 1780 397 1820 versum
413 1763 442 1819 in
459 1762 580 1835 Avibus,
594 1768 663 1826 600.

159 1882 209 1936 eds
222 1879 353 1960 oigyvgt‘esr·
368 1876 435 1940 οὗτοι
448 1882 501 1960 yrlg
515 1877 594 1938 lenes·
608 1878 709 1951 λέγουσι
723 1875 797 1952 liures
811 1875 871 1937 01135
884 1881 999 1946 πάντες.

89 2009 166 2068 luem
181 2008 220 2048 ex
247 1994 415 2069 conjectura
428 1991 576 2071 corrigunt
600 1991 654 2051 viri
674 1990 763 2062 docti,
784 2009 840 2068 ego
860 1989 976 2069 quidem
997 2011 1056 2051 uon
1076 1992 1200 2053 dixerim

89 2071 285 2130 emendatione
299 2092 371 2150 opus
384 2073 501 2132 habere.

119 2156 151 2211 3.
173 2154 318 2217 Quoniam
340 2173 378 2211 ex
393 2153 516 2213 dimetro
537 2153 698 2213 acatalecto
712 2163 742 2212 et
762 2152 937 2231 paroemiaco
959 2154 1135 2233 compositus
1155 2167 1200 2219 ert

89 2243 252 2292 ‚etrameter
276 2233 471 2305 catalecticus,
503 2247 730 2294 consentaneum
759 2245 813 2304 est,
837 2234 981 2292 observari
1012 2236 1098 2293 etiarn
1122 2235 1201 2295 illam

89 2332 232 2387 rasuram,
257 2316 364 2394 quaein
388 2314 511 2375 dimetro
532 2317 636 2375 usitata
649 2325 703 2375 est.
746 2312 805 2376 Sed
825 2332 883 2371 non
908 2326 1062 2377 esttamen
1083 2318 1198 2388 mirum,

89 2395 185 2473 taepius
199 2414 263 2455 eam
277 2397 439 2474 neglectam
450 2395 580 2467 inveniri,
592 2396 660 2474 quia
672 2393 768 2472 potior
780 2404 824 2452 est
836 2412 872 2451 ea
882 2413 999 2469 caesura,
1011 2415 1068 2474 qua
1078 2395 1201 2458 dimeter

89 2475 290 2553 tparoemiaco
302 2487 461 2556 separatur.
501 2479 599 2542 Quum
619 2487 717 2534 autem
730 2474 863 2544 dimeter,
877 2485 910 2533 ut
923 2495 1010 2553 supra
1023 2477 1133 2536 dictum
1147 2493 1200 2551 est,

89 2556 134 2613 rbi
154 2557 183 2614 in
204 2557 324 2616 secundi
347 2557 428 2637 pedis
449 2557 508 2616 fine
528 2577 586 2615 non
611 2556 759 2628 inciditur,
779 2572 916 2621 0115011111
937 2557 1156 2621 habere-soleat
1169 2560 1200 2618 in

89 2638 163 2776 plrevi
177 2638 287 2716 syllaba
299 2639 445 2718 sequentis
459 2639 606 2717 anapaesti,
624 2637 702 2697 idem
714 2637 823 2697 factum
836 2637 965 2697 videmus
978 2639 1008 2696 in
1022 2650 1200 2701 tetrametro.

116 2719 171 2776 tin
186 2719 273 2778 Pluto
283 2740 308 2778 v.
323 2725 392 2785 570.
943 2734 951 2743 ”
1191 2752 1196 2759 ·

166 2836 397 2906 lassataslasatas
410 2842 444 2917 τῇ
455 2838 560 2902 ualdus.

89 2943 162 3008 Vide
182 2970 212 3008 v.
233 2955 302 3011 584.
343 2952 422 3013 Nub.
437 2955 509 3014 333.
522 2955 592 3014 358.
605 2952 674 3015 370.
686 2950 756 3013 375.
770 2955 839 3013 398.
863 2955 932 3012 963.
953 2952 1022 3015 975.
1042 2954 1112 3018 976.
1132 2957 1201 3020 978.

89 3029 157 3092 987.
198 3033 273 3091 Rau.
291 3037 482 3095 10441053.
504 3035 590 3096 1067.
631 3036 688 3090 Α1.
702 3037 771 3095 468.
785 3037 855 3092 488.
875 3038 945 3094 493.
959 3039 1028 3094 566.
1041 3040 1111 3101 575.
1132 3043 1202 3099 685.

89 3111 159 3171 695.
189 3112 291 3191 Equit.
304 3118 373 3179 763.
387 3117 455 3178 774.
469 3119 539 3180 781.
552 3118 622 3175 813.
648 3114 771 3192 Lysistr.
784 3119 854 3176 490.
868 3119 938 3175 510.
951 3119 1021 3177 530.
1034 3121 1104 3181 578.
1124 3119 1202 3179 Αο1ι.

90 3191 160 3252 638.
173 3198 243 3254 653.
284 3195 372 3274 Vesp.
393 3197 463 3259 706.
484 3199 553 3260 716.
575 3195 661 3256 1043.
684 3199 773 3260 1047.
813 3196 930 3253 Thesm.
952 3200 1021 3260 795.
1042 3200 1112 3261 799.
1133 3203 1203 3260 811.

90 3261 173 3332 Εο01.
186 3277 257 3338 597.
271 3281 340 3336 639.
354 3279 423 3339 647.
436 3282 506 3338 664.
520 3278 589 3338 673.
609 3279 679 3336 683.
720 3274 833 3341 Quibus
853 3276 924 3334 locis
938 3275 962 3334 si
975 3277 1064 3336 addes
1084 3297 1204 3359 corrup·

89 3355 151 3411 tum
163 3353 191 3412 iu
207 3359 281 3417 Rnn.
298 3362 384 3419 1038.
405 3369 435 3417 et
452 3375 562 3429 versus,
583 3356 731 3435 inquibus
750 3356 891 3434 particula
910 3383 950 3431 pe,
965 3377 1029 3437 quae
1048 3378 1102 3438 pro
1121 3372 1205 3438 parte

89 3435 279 3507 praecedentis
292 3438 424 3498 vocabuli
437 3438 537 3496 haberi
557 3447 664 3517 potest,
677 3436 795 3497 tertium
808 3449 984 3516 anapaestum
999 3439 1110 3519 incipit,
1125 3440 1203 3503 Plut.

89 3515 159 3579 666.
200 3519 448 3584 Nouam-401.
471 3524 557 3580 1003.
599 3519 674 3578 Rau.
697 3523 783 3580 1065.
824 3519 895 3598 Lys.
915 3524 984 3580 583.
1025 3522 1114 3600 Vesp.
1134 3525 1204 3583 581.
1303 3543 1306 3550 ·

91 3596 139 3654 vix
152 3598 207 3658 alia
220 3600 306 3677 hujus
320 3600 434 3678 generis
444 3599 522 3678 apud
533 3599 758 3678 Aristophanem
768 3601 902 3677 exempla
911 3599 1100 3661 invenientur.
1144 3602 1204 3663 Sed

89 3680 271 3749 praterhac
284 3680 346 3739 aliis
359 3700 475 3760 quoque
489 3681 581 3739 modis
595 3680 658 3738 hoec
673 3699 782 3739 caesura
794 3681 967 3759 negligitur:
988 3682 1016 3739 iu
1032 3702 1089 3762 qua
1103 3701 1134 3742 re
1144 3703 1205 3746 non

91 3762 251 3831 putandum
273 3773 317 3820 est
338 3774 432 3821 certas
453 3760 591 3841 quasdam
615 3761 729 3840 regulas
752 3762 915 3821 observatas
938 3781 1012 3831 esse,
1032 3763 1085 3822 sod
1107 3767 1205 3842 prouti

89 3839 217 3919 quidque
236 3842 353 3919 auribus
373 3844 467 3901 minus
487 3842 666 3921 displicebat,
688 3842 729 3900 ita
747 3841 859 3901 facilius
879 3843 1034 3902 admissum
1054 3847 1205 3923 reperitur.

90 3916 196 4000 Operae
217 3923 342 4001 pretium
363 3925 427 3995 erit,
448 3924 550 3982 modos
570 3924 640 3984 istos
664 3942 900 3994 commemorare,
920 3924 1054 3984 indicatis
1072 3925 1152 3999 locis,
1176 3929 1207 3991 in

91 4003 195 4079 quibus
217 4005 412 4080 inveniuntur,
437 4005 579 4079 omuibus,
602 4005 658 4064 nisi
688 4023 777 4063 unum
802 4004 960 4065 alterumve
990 4006 1129 4068 adnotare
1153 4029 1205 4070 ne.

89 4083 177 4155 gleni.
375 4142 381 4154 ,

131 4171 160 4225 4.
181 4167 230 4224 Αο
249 4164 343 4245 primo
356 4186 432 4247 saepe
452 4168 494 4227 sic
514 4166 717 4247 migratur'illa
736 4185 856 4238 caesura,
870 4177 903 4225 ut
922 4169 1095 4231 vocabulum
1116 4191 1207 4251 usque
1288 4203 1292 4209 ·

89 4245 127 4304 ud
147 4247 264 4305 tertiam
284 4249 360 4308 arsin
380 4249 590 4332 progrediatur,
610 4247 773 4339 tertiusque
793 4267 844 4331 pes
864 4259 1026 4330 auapaestus
1045 4250 1099 4312 sit:
1130 4264 1164 4313 ut
1176 4254 1207 4317 ia
1330 4322 1335 4329 1

90 4316 180 4388 Pluto
194 4348 222 4388 v.
235 4333 305 4391 519.
