2694 4866
390 289 467 351 ·DE
494 287 642 362 VERSU
663 290 894 354 SATURNIO.
1134 299 1192 357 401
1273 294 1277 301 '

60 466 113 530 70.
128 469 149 502 “
159 476 299 520 snuours
313 458 474 519 masculino
488 477 596 538 genere
610 459 726 534 dicitur,
740 461 856 521 etfacit
871 478 960 524 nuuc
976 477 1191 525 sauuurunnz

60 554 82 584 ‘⁶
97 543 151 603 sed
165 544 240 604 Cato
261 540 298 601 de
321 541 433 616 habitu,
448 553 481 602 ut
504 541 709 616 declinaretur,
733 545 784 615 ait,
807 561 970 612 sauounn,
996 561 1191 614 sauou1u1s3
1206 547 1220 581 ἕ
1251 558 1254 563 ’

61 636 82 667 “
99 626 250 691 sancum,
276 641 429 695 saucurs,
445 625 602 684 ssucur.’'
644 624 748 704 ltaque
767 645 901 706 sanguem
921 626 1088 684 accusativo
1109 645 1191 699 casu,

62 705 144 787 quod
168 705 266 765 tabula
289 705 345 764 ista
370 705 449 784 apud
473 705 633 764 Matinium
654 706 753 778 habet,
777 725 816 765 ex
847 726 905 785 qua
926 725 1043 766 carmen
1066 706 1191 766 fratrum

62 787 203 848 arvalinur·
223 806 311 866 supra
338 787 521 866 protulimus,
552 805 611 846 non
635 799 681 846 est
702 806 791 866 quare
812 789 877 865 quis
898 786 1068 847 mendosum
1092 799 1190 866 putet.

63 869 202 929 Alterum
224 867 330 930 Marcii
352 869 425 928 vatis
452 887 580 941 carmen,
604 869 683 947 quod
707 870 794 928 ctiam
816 870 893 948 apud
918 869 1103 929 Macrobium
1133 879 1188 940 est,

61 950 231 1031 perplexius
252 950 403 1028 scripturae
423 969 531 1028 genere
544 948 610 1021 fuit,
621 962 655 1009 ut
668 950 768 1010 Livius
781 951 834 1010 ait:
856 970 895 1008 ex
908 970 967 1029 quo
982 948 1120 1010 credibile
1133 960 1190 1022 est,
1275 998 1279 1004 .

56 1032 150 1113 plura
161 1052 229 1091 enm
249 1031 417 1091 declarandi
439 1050 540 1091 sensus
554 1050 656 1090 caussa
678 1043 805 1091 mutasse
828 1042 916 1111 atque
937 1031 1097 1090 addidisse:
1120 1044 1191 1092 sunt

62 1114 163 1185 etiam,
178 1133 243 1192 quae
254 1113 392 1186 omiserit,
408 1123 441 1172 ut
454 1133 493 1181 ex
507 1113 660 1171 Macrobio
673 1113 853 1191 intelligitur,
868 1112 918 1190 qui
931 1113 998 1184 alia,
1018 1131 1084 1190 quoe
1097 1113 1191 1191 posita

61 1207 148 1255 eram
157 1197 194 1255 ab
203 1195 298 1266 Livio,
313 1194 493 1266 omisit,'sive
506 1193 586 1273 quod
600 1195 776 1265 obscuriora,
791 1197 851 1252 sive
864 1194 944 1273 quod
957 1213 1015 1252 non
1029 1193 1191 1271 necemaria

61 1277 242 1347 viderentur.
283 1277 353 1337 Hoc
374 1295 491 1335 carmen
506 1276 547 1335 ita
559 1276 621 1335 fers
635 1275 775 1354 scriptum
787 1275 878 1336 fuisse
891 1276 1049 1355 conjicias:

132 1391 248 1458 hostem,
261 1392 384 1458 Romani,
396 1392 418 1447 si
430 1391 464 1445 ex
476 1391 538 1462 agro
549 1410 592 1446 ror
603 1390 735 1462 protelare

132 1463 222 1529 voltis,
232 1464 421 1534 comicamque,
437 1463 556 1532 gentium
574 1481 634 1534 quae
644 1463 718 1545 venit
734 1462 823 1534 longe,

134 1535 255 1605 Apollini
272 1534 407 1589 vovendos
425 1535 522 1588 censeo
540 1534 627 1598 ludos,
645 1551 690 1604 qm

106 1687 109 1690 Α
133 1605 276 1677 quomnnis
288 1604 442 1693 pommunes
459 1605 579 1694 Apollini
596 1606 702 1687 fiunto,

133 1676 602 1824 tttntltlltlttntttt
614 1692 777 1817 sstttffl·

133 1818 178 1942 qui
189 1818 441 1944 pmdtprgusoqoplb
453 1818 675 1942 dffl'st.l'¹‘}b⁶lqu⁸
686 1834 825 1874 summum.

38 1917 60 1951 “·
133 1906 199 2012 122⁰?
201 1900 558 2029 tirannizatttt
569 1899 696 2031 till?

133 2030 232 2102 fietque
244 2049 286 2086 res
298 2031 400 2086 melior:
422 2050 483 2086 nam
496 2033 518 2084 is
530 2032 606 2085 divos
618 2031 768 2101 perduelles

132 2101 250 2172 stinguet
260 2112 373 2170 vostros,
388 2103 433 2174 qui
445 2103 548 2158 vostros
560 2101 667 2173 cimpns
679 2113 792 2175 pascunt
803 2100 915 2172 placide.

59 2208 165 2269 Unum
184 2208 320 2279 monebo,
335 2207 416 2287 quod
439 2207 468 2266 in
489 2207 583 2287 primo
603 2228 689 2268 versu
715 2207 808 2287 posui,
830 2226 888 2277 uos,
914 2205 957 2264 ita
979 2195 1096 2264 demum
1118 2201 1202 2262 ferri

59 2306 159 2370 posse,
174 2288 198 2346 si
211 2308 265 2366 pro
278 2290 445 2348 accusativo
466 2289 615 2350 habeatur.
658 2289 708 2349 Sic
731 2289 809 2347 enim
823 2289 958 2347 amabant
971 2297 1086 2345 veteres
1098 2283 1189 2362 loqui.

101 2376 132 2431 8.
160 2369 253 2428 Aliud
280 2370 467 2430 memorabile
487 2371 615 2430 Saturnii
639 2371 774 2430 carminis
797 2368 964 2448 exemplum
987 2367 1064 2426 idem
1086 2360 1189 2423 livius

59 2450 197 2523 servavit,
221 2451 273 2512 lib.
292 2452 358 2516 XL.
383 2459 433 2514 52.
453 2453 581 2512 tabulam
607 2453 724 2531 Regilli,
748 2454 798 2513 sed
820 2462 1013 2531 praeterquam
1037 2445 1115 2528 quod
1138 2443 1189 2519 hic

58 2551 180 2612 quoque
193 2532 302 2612 aliquid
314 2544 441 2594 mutasse
454 2535 580 2606 videtur,
588 2534 712 2614 pessime
725 2532 919 2614 depravatam.
961 2531 1075 2590 Scimus
1088 2539 1188 2586 autem

15 2682 21 2687 ,
59 2613 147 2672 Atilii
165 2613 361 2674 Fortunatiani
384 2615 562 2687 testimonio,
585 2615 636 2695 qui
659 2615 783 2694 primum
806 2633 921 2677 versum
941 2612 1035 2682 affert,
1070 2608 1189 2684 titulum
1288 2671 1291 2677 ,

55 2695 148 2833 inrupi
162 2696 291 2755 versibus
306 2697 450 2756 Saturniis
462 2697 603 2775 scriptum
616 2697 715 2756 fuisse.
756 2695 903 2766 Habebat,
919 2694 943 2754 si
957 2706 1038 2754 recte
1052 2689 1188 2770 conjicio,

56 2776 101 2836 ita
127 2795 223 2837 erme:
566 2794 569 2799 ’

248 2854 256 2885 l

131 2891 221 2946 duello
238 2911 333 2964 magno
352 2893 511 2960 dirimundo,
528 2894 632 2966 regibus
650 2893 809 2963 subigirndis,

131 2964 220 3032 cupiit,
228 2964 364 3034 patrandae
375 2967 443 3037 paci,
455 2967 542 3036 pugna
552 2968 610 3020 haec
623 2966 732 3021 exeunti

60 3045 67 3053 ·
131 3034 217 3089 Lucio
228 3063 246 3074 -
256 3035 379 3102 AEmilio‚
391 3037 477 3091 Marci
490 3038 554 3103 lilio,
562 3038 662 3108 Regillo

132 3139 402 3162 .......
437 3109 555 3177 auspicio
566 3108 678 3179 imperio

92 3170 96 3180 “
131 3172 259 3230 felicitate
272 3177 406 3248 dlictuque
419 3178 476 3262 ejus
487 3181 558 3232 inter
569 3178 714 3248 Ephesum,

132 3245 249 3311 Samum,
265 3247 414 3320 Chiumque
431 3250 598 3319 ruspectantc
615 3249 672 3318 ipso
690 3265 737 3302 eos
748 3244 895 3310 Antiocho,

130 3334 190 3370 cum
209 3317 328 3373 exercitu
346 3321 427 3383 omni,
445 3320 573 3391 equitatu,
585 3318 742 3389 elephintis,
762 3318 852 3373 classis
864 3314 931 3386 regis

131 3387 261 3442 Antiochi
272 3389 387 3455 incensa,
399 3392 477 3452 victa,
488 3390 555 3455 fusa,
565 3401 633 3454 tusa,
644 3388 734 3460 iugata
745 3399 797 3444 est:

131 3457 221 3529 ibique
239 3477 272 3513 eo
291 3461 334 3514 die
346 3464 377 3515 de
389 3462 448 3533 re‘ge
460 3480 538 3516 naves
551 3461 637 3530 longae

130 3537 189 3582 snat
200 3530 321 3585 omnibus
333 3550 391 3585 cum
405 3534 481 3586 sociis
494 3533 579 3604 criptae
590 3542 643 3587 tres
656 3531 807 3602 decemque.

130 3617 162 3658 ea
173 3602 261 3670 pugna
271 3603 386 3671 pugnata
397 3621 445 3658 rex
455 3604 605 3658 Antiochus
616 3619 777 3673 regnumque
876 3630 878 3635 ·

130 3674 186 3742 ejus
196 3673 223 3724 in
228 3680 380 3754 potestatem
387 3677 480 3745 populi
491 3677 600 3729 Romani
611 3677 748 3727 redactum.
763 3672 765 3676 ’

128 3743 186 3813 ejirs
197 3758 237 3797 rer
245 3760 307 3815 ergo
319 3745 404 3800 aedem
412 3746 525 3801 Ldribus
537 3745 692 3817 permarinis
705 3743 784 3799 vovit.

97 3849 128 3905 9.
149 3845 219 3904 Non
233 3846 371 3907 abhorret
384 3867 402 3907 a
414 3848 672 3920 verisimilitudine,
687 3849 774 3906 etiam
789 3844 927 3914 rabulam,
941 3862 1006 3922 quae
1016 3860 1035 3916 a
1045 3839 1092 3900 Ti.
1104 3840 1185 3901 Sem·

58 3925 162 4020 pronio
176 3927 314 3988 Graccho
328 3930 358 3987 in
372 3932 435 3990 aedc
450 3931 555 3991 Matris
569 3932 695 3991 Matutae
709 3928 804 4008 posita
824 3938 878 3999 est,
894 3922 1035 3985 Saturuiis
1056 3921 1186 3981 versibus

58 4007 227 4089 ascriptam
241 4008 339 4071 fuisse.
383 4012 441 4073 Sed
454 4013 478 4071 si
492 4012 533 4071 ita
545 4015 656 4072 luctum
671 4023 724 4079 est,
740 4010 804 4088 plus
824 4008 879 4068 sibi
892 4005 1017 4066 licentiae
1031 4002 1185 4082 sumpsisse

59 4087 174 4161 videtur
188 4089 299 4163 Livius,
314 4092 364 4151 ubi
378 4093 493 4152 titulum
507 4093 594 4152 istum
608 4091 703 4164 affert,
717 4092 798 4151 XLI.
816 4095 865 4151 33.
878 4107 963 4168 quam
983 4098 1016 4146 ut
1029 4085 1091 4144 sine
1105 4103 1186 4161 mag·

58 4187 97 4228 na
109 4170 233 4231 audacia
247 4172 284 4231 de
298 4173 484 4234 restituendis
497 4175 627 4234 versibus
641 4174 702 4233 istis
726 4171 849 4250 cogitari
873 4169 971 4247 possit.
1013 4169 1104 4227 Certo
1127 4182 1187 4222 non

56 4250 130 4324 ‘²1⁶⁸
141 4251 236 4324 fuere,
252 4252 350 4331 quales
364 4256 476 4333 putavit
490 4256 602 4336 Georg.
622 4254 737 4315 Ludov.
753 4252 903 4315 Walchius
925 4251 954 4311 in
969 4244 1186 4327 Emendationi-

57 4331 110 4394 bus
125 4333 255 4396 Liuianis
268 4356 296 4415 p.
314 4342 382 4398 254.
490 4331 493 4338 '
