2694 4866
109 289 128 346 a
536 250 618 344 urn'.
638 281 663 344 1.
684 282 778 346 cns.
798 283 824 344 r.

114 460 258 528 tempora,
273 447 377 527 quibus
391 445 558 508 continetur
572 448 729 521 successio,
748 458 830 509 certa
843 446 967 528 quadam
981 446 1094 508 ratione
1107 446 1251 507 distincta

115 531 192 600 sint;
213 529 243 587 in
257 529 425 608 symmetria
434 528 536 590 autern
557 529 661 589 eodem
674 529 763 590 modo
784 529 894 589 nonde
913 531 1094 610 corporibus,
1113 528 1167 589 sed
1181 542 1250 589 tan-

115 625 179 672 turn
200 611 238 670 de
251 611 350 691 spatiis
364 631 524 691 eorumque
544 612 780 691 proportionibus
794 621 957 691 quaeratur:
978 624 1111 690 apertum
1130 623 1185 682 est,
1208 611 1248 670 ad

115 693 334 775 perceptionem
356 694 469 752 numeri
489 705 520 753 et
539 695 715 777 symmetriae
733 711 831 772 nequa
851 693 989 771 prodesse
1010 713 1107 753 rerum
1131 692 1247 753 illarum

111 776 324 855 cognitionem,
345 795 442 854 neque
456 775 558 835 obesse
572 793 671 835 earum
685 774 910 855 ignorationem.

157 865 186 925 7.
209 856 345 935 Denique
359 857 407 916 lex
428 856 477 915 illa
490 877 549 916 non
570 869 666 937 potest
681 875 842 920 currales
859 875 941 917 esse:
961 856 1054 936 qualis
1070 868 1158 928 esset,
1180 874 1247 936 quae

114 941 277 1021 cujuspiam
294 939 345 999 uel
357 938 493 1010 hominis,
514 939 560 998 vel
580 939 687 1018 gentis,
707 940 754 998 vel
768 939 821 998 aevi
842 937 961 998 arbitrio
975 950 1054 998 esset
1073 938 1247 999 constituta.

53 1019 69 1042 ”“
116 1017 196 1082 Talis
216 1021 266 1080 lex
287 1020 365 1079 enirn
386 1040 445 1079 non
464 1021 552 1080 modo
572 1021 690 1092 nemini,
711 1021 765 1080 nisi
788 1020 839 1100 qui
860 1039 925 1079 eam
945 1020 1103 1088 didicisset,
1126 1019 1247 1099 cognita

114 1107 201 1175 soret,
223 1101 377 1162 sedetiam
398 1102 477 1181 apud
490 1103 561 1161 alios
581 1101 638 1161 alia
650 1114 738 1176 esset,
759 1114 790 1162 et
804 1102 924 1162 condita
937 1120 1050 1161 rursum
1071 1115 1173 1181 posset
1193 1100 1246 1160 ab·

115 1185 222 1266 rogari.
266 1185 359 1263 Atqui
373 1185 476 1243 horum
492 1184 620 1244 omnium
636 1176 795 1258 nihil'esse,
816 1183 924 1243 nemini
938 1184 1094 1243 obscurum
1109 1197 1164 1245 est.

157 1274 185 1328 8.
207 1265 333 1339 Quodsi
348 1266 460 1325 numeri
480 1262 715 1346 symmetriaque
728 1267 878 1345 perceptio
899 1285 995 1344 neque
1008 1284 1026 1324 a
1046 1285 1134 1327 sensu
1148 1271 1247 1348 cujus·

116 1349 175 1430 que
187 1347 312 1426 regitur,
332 1367 428 1432 neque
443 1367 481 1407 ex
495 1349 593 1422 rebus,
613 1348 644 1407 in
659 1348 763 1427 quibus
776 1366 914 1407 numerus
925 1358 955 1407 et
969 1349 1138 1426 symmetria
1151 1345 1247 1410 cerni·

117 1444 176 1501 tur,
196 1429 318 1510 pendet,
338 1449 435 1509 neque
451 1430 590 1492 doctrina
609 1429 716 1508 aliqua,
737 1447 824 1508 quam
838 1429 903 1508 quis
922 1439 990 1488 ante
1004 1429 1150 1504 didicerit,
1171 1447 1245 1513 opus

117 1514 225 1573 habet:
246 1511 296 1570 lex
317 1531 362 1584 ea,
384 1531 441 1592 qua
459 1513 504 1574 vel
524 1530 663 1574 numerus
676 1511 721 1570 vel
743 1511 910 1594 symmetria
927 1510 1074 1582 delinitur,
1097 1532 1155 1570 non
1176 1516 1244 1575 sub·

111 1596 231 1677 jectiva,
245 1592 296 1653 sed
311 1612 504 1665 causamve,
526 1592 765 1664 nonmater'ialis,
786 1592 839 1652 sed
857 1609 1038 1665 noananrs,
1059 1613 1118 1652 non
1129 1596 1245 1677 empiri-

118 1696 166 1749 ca,
185 1676 238 1737 sed
252 1693 383 1736 runata
400 1675 482 1735 nobis
497 1674 535 1735 sit
549 1693 669 1735 necesse
682 1685 737 1735 est.

159 1765 190 1820 9.
210 1757 306 1838 Igitur
319 1758 424 1838 primo,
445 1757 525 1836 quod
545 1756 583 1816 ad
595 1756 708 1816 fontem
724 1761 791 1838 ¹eius
814 1760 929 1834 attinet,
951 1776 1164 1821 oarncnrvanr
1179 1779 1245 1835 eam

119 1861 181 1901 esse
202 1849 329 1920 oportet,
350 1839 369 1897 i.
384 1858 412 1900 e.
432 1858 470 1898 ex
491 1838 553 1917 ipsa
567 1837 610 1897 rei
629 1849 735 1898 natura
748 1841 918 1923 petendam.
960 1841 1086 1909 Quodsi
1107 1861 1245 1902 numerus

118 1923 252 1983 ordinata
267 1920 453 1982 successione
472 1933 637 1999 temporum
651 1920 829 1995 continetur,
848 1922 934 1983 facile
947 1922 1129 2002 intelligitur,
1150 1924 1245 2004 legem

118 2008 182 2084 ejus
192 2022 288 2084 neque
302 2022 341 2062 ex
355 2003 467 2076 ordine,
482 2021 519 2062 ne
541 2021 578 2061 ue
592 2021 630 2061 ex
641 2003 820 2080 temporibus
828 2005 893 2084 peti
898 2025 997 2086 posse,
1009 2005 1077 2085 quia
1091 2018 1122 2065 et
1132 2004 1205 2065 ordo
1216 2017 1245 2067 et

118 2098 251 2168 tempora
261 2084 374 2145 definiri
384 2085 502 2145 demum
516 2021 641 2163 tintege
655 2083 772 2144 debent.
800 2084 905 2165 Itaque
918 2087 980 2151 sois
989 2099 1122 2166 superest
1130 2106 1244 2148 succes·

117 2168 170 2230 sio.
201 2167 256 2227 Est
277 2179 376 2228 autem
403 2165 550 2248 objectiva
569 2164 663 2225 omnis
680 2166 873 2227 successionis
897 2187 999 2230 caussa
1016 2185 1243 2243 cantoranum,

118 2250 303 2330 quonomine
314 2269 434 2323 nexum,
445 2249 495 2330 qui
509 2260 553 2309 est
562 2246 638 2308 inter
653 2265 784 2307 caussam
793 2261 882 2329 atque
896 2245 1043 2324 effectum,
1053 2250 1181 2330 intelligi
1194 2272 1243 2313 vo·

116 2333 224 2393 lumus.
264 2331 342 2391 Nam
356 2331 497 2411 quidquid
511 2328 619 2391 natura
629 2347 684 2389 sua
696 2340 727 2389 et
741 2330 904 2392 necessario
919 2331 1129 2403 uintancaestir,
1143 2333 1174 2394 id
1187 2351 1244 2394 nou

117 2424 215 2500 potest
237 2412 321 2478 aliter
340 2412 510 2485 succedere,
535 2431 622 2492 quam
644 2421 679 2473 ut
718 2410 795 2472 riona
818 2432 941 2492 quaeque
966 2433 1075 2474 ccussae
1095 2413 1155 2474 sint
1176 2415 1242 2476 sub·

98 2525 102 2535 ·
117 2495 314 2575 sequentium,
328 2492 535 2573 subsequentia
548 2486 647 2554 adtem
665 2431 770 2556 euicta
782 2493 921 2576 priorum,
951 2496 1056 2576 Itaque
1069 2495 1120 2556 lex
1134 2496 1248 2558 numeri

113 2576 226 2662 pendet
240 2594 278 2640 ea
293 2574 455 2640 efficientia.
499 2575 586 2638 Unde
599 2575 642 2648 fir,
664 2588 707 2649 ut,
728 2578 846 2659 incepto
861 2576 958 2656 aliquo
972 2596 1105 2650 numero,
1119 2577 1244 2657 reliquas

62 2729 67 2741 ‚
113 2662 178 2748 ejus
190 2659 288 2738 partes
303 2669 336 2717 ut
349 2655 512 2723 necessario
527 2671 768 2738 consequuturas,
788 2673 877 2741 atque
891 2677 931 2721 ea
947 2658 1092 2739 prioribus
1105 2669 1244 2741 tanquam

116 2737 512 2819 effectaearumprodituras
525 2742 849 2822 mentepraecipiamus.
1050 2804 1053 2809 Α
1249 2788 1252 2795 -

158 2821 273 2893 Eodem
296 2821 384 2886 modo
408 2821 584 2900 symmetria
606 2821 656 2892 lex
676 2842 773 2904 neque
798 2844 815 2885 e
835 2825 945 2906 spatiis,
965 2844 1063 2905 neque
1084 2825 1246 2887 exordiae

111 2917 230 2976 eorum,
250 2903 302 2964 sed
324 2922 366 2973 =snt
390 2897 582 2973 continuitate
606 2903 780 2973 deducenda
803 2918 857 2974 est.
898 2908 955 2968 Est
977 2919 1078 2968 autern
1101 2907 1252 2990 objectiva.

118 2986 212 3048 omnis
233 2981 433 3046 continuitatis
451 3002 556 3055 caussa
564 3003 804 3056 ,conmanunt
845 2990 922 3052 Nam
936 2989 1078 3071 quidquid
1098 2989 1130 3048 iu
1150 2987 1243 3070 spatio

117 3080 224 3138 natura
237 3086 290 3127 sna
303 3077 334 3126 et
347 3065 511 3133 necessario
531 3069 722 3147 conjunctum
736 3081 791 3143 est,
812 3068 843 3130 id
862 3090 922 3132 non
942 3083 1040 3151 potest
1053 3072 1138 3132 aliter
1158 3087 1244 3151 quam

117 3147 293 3221 cobaerendo
307 3166 371 3208 esse
385 3150 585 3228 conjunctum.
626 3151 727 3229 Atque
739 3151 799 3212 boc
812 3172 929 3232 quoque
943 3153 1005 3232 ipsa
1018 3155 1116 3216 statim
1130 3150 1242 3234 experi-

116 3231 198 3299 entia
211 3231 392 3311 comprobat.
434 3229 524 3299 Nulla
543 3230 620 3299 enim
633 3232 689 3292 nisi
703 3232 733 3291 in
745 3252 783 3297 eo
798 3235 966 3315 symmetria
979 3247 1034 3309 est,
1054 3235 1183 3314 quodut
1194 3252 1243 3293 ω·

115 3314 230 3374 haerens
247 3311 461 3380 consideratum·
481 3313 565 3391 cujus
585 3312 654 3380 data
667 3325 750 3394 parte
767 3314 874 3396 aliqua,
898 3335 990 3390 meus,
1012 3317 1113 3396 quales
1127 3317 1240 3396 reliqua

117 3406 217 3478 partes
230 3414 293 3455 esse
307 3393 443 3465 debeant,
464 3405 569 3473 sponte
582 3395 780 3475 consequitur.
1191 3450 1196 3461 ,

159 3483 208 3539 10.
230 3475 379 3547 Secundo,
404 3475 484 3554 quod
507 3475 613 3536 attinet
637 3477 678 3549 >ad
704 3497 776 3549 rem,
801 3478 951 3561 adquam
975 3479 1170 3542 definiendam
1192 3479 1257 3539 lex..

116 3569 240 3640 spectat,
262 3574 449 3620 connatam
469 3576 533 3617 esse
551 3557 647 3636 legem
667 3579 787 3620 necesse
805 3572 860 3621 est.
902 3562 990 3632 Quod
1013 3562 1038 3621 si
1058 3559 1238 3625 numerosis

114 3641 312 3713 successione,
332 3638 501 3719 symmetria
515 3638 545 3698 in
565 3640 760 3723 continuitate
772 3643 912 3716 cernitur,
932 3655 1092 3716 eaautcm,
1112 3632 1260 3725 quesibi-j

115 3722 280 3791 succedunt
293 3721 340 3785 vel
354 3722 572 3796 continuantur,
591 3735 625 3782 ut
638 3722 712 3795 soni,
731 3734 841 3799 motus,
860 3743 993 3805 corpora,
1013 3725 1135 3786 fortuita
1147 3725 1179 3785 in
1189 3728 1260 3791 nne}

115 3825 198 3875 mero
213 3816 243 3866 et
264 3802 432 3885 symmetria
444 3815 533 3869 sunt:
551 3803 699 3877 successio
718 3803 768 3867 illa
780 3806 826 3875 val
847 3806 1025 3871 continuitas
1039 3826 1100 3867 non
1119 3800 1244 3867 rernm·-

117 3900 166 3947 tur
179 3885 236 3947 alia
248 3884 278 3949 in
293 3903 335 3958 re,
349 3903 436 3970 quam
451 3904 516 3969 qua·
528 3883 652 3954 formam
666 3886 760 3955 omnis
772 3887 820 3952 sel
830 3888 1024 3949 successionis
1042 3890 1089 3949 vel
1101 3880 1245 3953 coutinuis¹

117 3967 186 4029 tatis
201 3967 343 4039 continet,
364 3965 383 4025 i.
398 3984 425 4035 e.
438 3964 468 4024 in
483 3984 639 4036 raucone
653 3985 689 4028 ac
704 3987 832 4042 sanato.
864 3971 934 4034 ,iam
948 3989 1017 4031 vero
1029 3968 1236 4032 successionem

115 4048 170 4116 niti
200 4048 380 4108 ostendimus
407 4045 571 4117 efficientia.
612 4048 717 4129 Itaque
744 4061 877 4132 tempora
904 4070 996 4132 quun
1013 4051 1086 4133 *ipsa
1111 4072 1171 4113 non
1193 4066 1245 4111 out¹

116 4133 248 4190 haereant
272 4149 330 4209 per¹
347 4127 541 4202 efficientiam,
565 4149 662 4209 neque
685 4130 743 4191 alia
761 4151 801 4193 ex
823 4134 886 4194 aliis
909 4136 1057 4214 tamquam
1079 4134 1183 4206 effecta
1204 4124 1260 4191 axi

116 4210 226 4283 caussis
249 4211 308 4271 suis
331 4211 493 4290 prodeant:
521 4210 676 4281 efficientia
689 4223 761 4273 ”non
782 4226 880 4295 potest
903 4215 988 4277 aliter
1011 4216 1042 4276 in
1066 4212 1260 4296 tempesto,

116 4293 277 4374 conspicua
296 4312 370 4367 esse,
392 4313 479 4374 quam
500 4292 632 4355 discretis
656 4313 692 4355 ea
731 4299 898 4378 roportione
917 4299 1108 4379 temporibus,
1129 4292 1248 4379 quaein

115 4374 271 4445 efficientia
287 4374 367 4444 inter
387 4393 503 4445 caumas
523 4387 568 4440 est
588 4388 678 4464 atqua
691 4315 805 4445 edecta.
847 4381 898 4445 ad
916 4399 1005 4463 quarn
1028 4379 1241 4463 proportionem

677 4487 688 4530 t
