2694 4866
177 311 215 367 26
310 302 390 365 LlB.
411 302 437 364 Ι.
458 301 550 366 CAP.
570 300 625 361 IX.
646 300 705 363 DE
726 301 921 363 SYLLABA
943 303 1158 372 ANCIPITE.

178 473 239 552 apti
252 483 331 542 sunt,
346 481 454 552 etpost
468 491 573 551 purum
587 470 745 552 dactylum,
761 491 819 551 quo
834 471 968 533 celeritas
981 485 1012 534 et
1025 474 1068 534 ris
1081 475 1196 535 numeri
1209 493 1297 556 auge-

176 565 236 625 tur,
251 553 383 632 usurpari
396 553 480 613 solet.
522 553 627 613 Thesis
646 552 804 632 spondiaco
817 565 916 614 autem
930 556 960 613 in
980 567 1084 635 quarto
1104 556 1182 636 pede
1200 577 1299 619 versus

177 635 288 694 heroici
302 635 447 693 interdum
460 654 567 713 anceps
581 647 637 694 est.
677 635 724 695 Eo
737 634 815 694 enim
828 636 859 693 in
878 636 946 698 loco
966 655 1057 715 quum
1078 637 1223 717 insignem
1246 659 1306 700 crea

177 735 284 788 suram,
305 715 524 795 longioremque
539 734 658 794 pausam
678 735 778 776 versus
791 716 847 776 iste
860 718 991 798 recipiat,
1015 717 1137 779 idoneus
1160 719 1239 780 risus
1257 731 1298 781 est

178 796 227 856 ille
240 798 333 869 locus,
354 799 384 856 in
398 817 455 877 quo
470 797 572 855 ultima
581 797 715 864 vocabuli
728 796 839 877 syllaba
852 799 914 860 sine
927 799 1041 861 numeri
1062 799 1239 863 detrimenta
1251 821 1297 863 au·

178 897 248 958 ceps
262 898 325 945 esse
338 891 446 958 posset.
490 879 539 939 Sic
553 877 637 938 Iliad.
651 896 680 938 a.
694 883 743 940 86.

257 984 292 1060 τῇ
302 977 325 1039 δ’
337 978 378 1039 ’s'm
390 981 434 1056 pair
445 980 531 1061 Pogyoi
542 984 704 1061 βλσσνςόπις
715 979 878 1058 impiam.

178 1085 219 1144 Et
231 1084 310 1164 apud
325 1082 453 1141 Ennium
467 1082 498 1140 in
511 1084 537 1142 Ι.
554 1083 662 1143 Annal.

250 1190 337 1246 omnis
351 1207 417 1245 cura
427 1191 489 1246 viris
501 1200 562 1246 uter
573 1201 643 1248 esset
651 1191 838 1264 endoperator.

178 1279 389 1422 H2⁰93⁸¹¹⁰⁸⁹⁸
410 1277 459 1338 hic
483 1278 543 1338 illic
567 1279 656 1341 etiam
680 1279 862 1339 restituenda
883 1280 948 1356 erit,
969 1280 1024 1340 nisi
1037 1281 1130 1355 fallor,
1151 1291 1185 1342 ut
1198 1281 1297 1363 Odyss

177 1389 211 1434 oy..
283 1402 292 1420 .

259 1466 310 1527 ’r'rrr
321 1466 345 1528 li
358 1494 395 1534 τις
410 1471 482 1532 aro-ci
493 1468 586 1530 almiri
596 1471 620 1529 τ’
632 1475 663 1535 ris
674 1468 734 1529 ἔλα
747 1466 833 1550 πίτςη.

180 1565 328 1624 Ceterum
341 1585 401 1624 non
416 1575 460 1625 est
472 1565 721 1645 praetercundum,
741 1566 830 1625 semel
846 1583 910 1627 eam
926 1564 1013 1627 etiam
1031 1585 1091 1626 non
1104 1566 1135 1625 in
1148 1567 1207 1627 fine
1226 1565 1297 1627 vocis

179 1646 313 1720 inveniri,
334 1646 418 1706 Iliad.
432 1673 452 1708 r.
466 1648 537 1711 487.
1340 1666 1341 1672 ’

259 1748 351 1822 μέσας
361 1747 392 1813 ἇς
406 1745 486 1821 ἀψῖσι
497 1747 564 1807 hiron
575 1746 664 1807 oihs'm
676 1746 824 1829 πανάγρου.

179 1841 258 1903 Nam
272 1847 354 1916 λίνοιο,
376 1844 455 1923 quod
468 1843 547 1923 apud
560 1844 661 1927 Etym.
676 1847 721 1904 M.
734 1865 764 1981 p.
780 1849 848 1917 183,
864 1849 913 1905 33.
927 1844 1045 1923 legitur,
1067 1844 1216 1923 Sylburgii
1228 1843 1297 1905 virle·

180 1933 230 1984 tur
243 1925 387 1984 correctio
402 1943 475 1997 esse,
496 1925 624 1984 deterior
637 1925 686 1983 illa
697 1945 736 1983 vu
747 1938 826 2003 gato.

221 2010 250 2066 8.
272 2005 410 2085 Denique
431 2006 510 2084 quod
531 2008 569 2065 ad
582 2006 740 2065 solutiones
753 2006 928 2086 syllabarum
941 2005 1057 2079 attinet,
1066 2002 1069 2008 ’
1078 2006 1239 2067 tenendum
1250 2015 1296 2076 est,

179 2105 270 2166 quum
284 2088 399 2147 duobus
411 2087 505 2147 modis
518 2087 629 2168 syllaba
641 2087 732 2167 possit
746 2106 853 2166 auceps
874 2107 947 2161 esse,
968 2087 1068 2156 semel,
1089 2098 1122 2147 ut
1145 2087 1234 2167 longa
1252 2104 1297 2167 pro

179 2168 270 2241 brevi,
292 2167 409 2241 deinde,
430 2180 463 2229 ut
476 2170 572 2231 brevis
585 2189 639 2249 pro
652 2170 740 2248 longa
753 2169 800 2240 sit,
815 2188 874 2227 uon
888 2188 988 2228 omnes
997 2167 1138 2248 ancipites
1148 2169 1223 2229 tales
1232 2186 1295 2239 eme,
1336 2216 1341 2237 2

181 2271 247 2330 quae
260 2250 332 2311 solvi
345 2251 375 2309 in
390 2250 461 2311 duas
471 2252 574 2311 breves
587 2250 706 2330 possint.
748 2251 866 2310 Etenim
881 2269 971 2329 quum
984 2250 1072 2328 longa
1085 2269 1138 2329 pro
1151 2250 1233 2311 brevi
1252 2268 1296 2330 pu
1337 2316 1341 2323 ,

181 2331 270 2403 uitur,
292 2333 412 2391 exclusa
425 2333 543 2391 omuino
557 2343 602 2392 est
615 2330 731 2401 solutio,
753 2331 821 2408 quia
834 2351 869 2390 ea
881 2331 1001 2411 syllaba,
1017 2331 1097 2410 quod
1106 2330 1145 2390 ad'
1154 2348 1296 2393 numerum

181 2412 296 2483 attinet,
317 2413 412 2471 brevis
432 2413 570 2472 habeturr
590 2411 709 2469 brevem
723 2421 821 2469 autem
836 2431 922 2469 unam
933 2413 1045 2471 duabus
1058 2412 1195 2472 brevibus
1207 2428 1296 2492 parem

181 2511 254 2562 csse,
285 2504 438 2570 repugnat.
491 2490 672 2571 Disyllabam
704 2489 857 2548 anacrusin
881 2489 1041 2549 iamborum
1066 2511 1164 2564 nemo,
1194 2493 1299 2572 opinor,

86 2590 88 2595 ’
179 2571 240 2632 huc
264 2572 427 2649 advocabit.
468 2573 558 2632 Hauc
579 2572 657 2630 enim
680 2590 740 2628 nou
760 2569 933 2630 solutionem
953 2591 1016 2631 esse
1037 2572 1183 2651 ancipitis,
1203 2569 1311 2634 senari·

181 2654 362 2714 comicorum
377 2654 545 2726 ostendunt,
566 2653 697 2713 etiam'in
711 2651 745 2710 iis
753 2649 824 2711 locis
838 2664 1016 2731 anapaestum
1029 2654 1181 2728 habentes,
1202 2653 1296 2733 inqui·
1330 2688 1340 2719 ,-

180 2737 236 2795 bus
249 2736 345 2795 nullus
358 2735 477 2814 ancipiti
491 2736 573 2794 locus
587 2746 641 2794 est.
686 2736 784 2801 Quum
797 2752 867 2793 vero
879 2734 975 2793 brevis
994 2754 1047 2814 pro
1068 2734 1157 2814 longa
1178 2736 1293 2814 ponitur,
1334 2767 1341 2805 ς

181 2817 306 2896 ideoque
319 2817 415 2896 longae
427 2817 494 2877 loco
508 2835 571 2876 csse
592 2827 738 2887 censetur,
760 2820 859 2894 potest
873 2835 909 2874 ea
921 2815 993 2874 solvi
1007 2815 1037 2874 in
1051 2815 1122 2883 duas
1145 2818 1258 2890 breves,
1276 2813 1295 2873 si
1328 2874 1341 2887 ,

181 2899 298 2978 quidem
312 2898 343 2956 id
357 2900 386 2956 in
401 2898 542 2977 ejusmodi
555 2916 677 2956 numeru
690 2896 751 2968 fiat,
772 2897 802 2954 in
817 2916 875 2975 quo
888 2896 1018 2975 legitima
1031 2896 1069 2957 sit
1088 2898 1134 2956 vel
1147 2898 1294 2960 usitataru-
1329 2958 1341 2969 ,

106 2978 109 2989 “
180 2980 263 3040 lutio.
304 2980 408 3058 Itaque
432 2980 462 3037 in
483 2978 646 3040 hexametri
667 2977 779 3038 heroici
798 2977 875 3058 pede
899 2989 1002 3056 quarto
1027 2979 1073 3037 hae
1093 2998 1236 3064 mensuras
1257 2996 1294 3039 re·
1333 3030 1341 3055 ,

179 3061 340 3141 periuntur,

277 3260 286 3284 ,
624 3223 699 3286 σε.
733 3239 753 3286 u

262 3293 649 3326 —UU--UU-UU—
664 3302 691 3320 Ν
714 3263 921 3345 Ι-υυ-υ

183 3378 329 3438 Praeterea
342 3377 495 3456 singularis
509 3378 583 3437 ratio
598 3395 699 3436 eorum
714 3387 759 3436 est
772 3396 959 3437 numerorum
979 3376 1168 3448 observanda,
1190 3376 1220 3435 in
1241 3370 1293 3456 qui·

72 3524 73 3531 ἵ
180 3459 235 3518 bus
249 3457 392 3537 dactylus,
414 3459 544 3518 ultimam
558 3457 715 3536 ancipitem
729 3458 850 3531 habens,
871 3459 1101 3518 contractionem
1114 3452 1294 3528 breviumsl
1319 3452 1341 3466 “’

181 3540 285 3602 mittit:
307 3559 365 3618 quo
379 3540 412 3598 fit
426 3551 460 3599 ut
473 3559 526 3619 pro
540 3539 653 3599 duabus
666 3538 801 3599 brevibus
812 3559 870 3598 nou
881 3539 969 3600 morlo
979 3559 1037 3599 una
1046 3539 1146 3618 longa,
1158 3538 1294 3601 sedetiam
1319 3538 1341 3553 ”

180 3622 276 3682 brevis
290 3634 320 3682 et
333 3622 421 3701 longa
434 3634 515 3683 recte
528 3632 685 3702 ponantur,
707 3631 739 3681 ut
751 3621 781 3680 iu
794 3620 904 3682 Ionicis
917 3641 935 3682 a
948 3621 1061 3704 majori,
1284 3628 1287 3633 '

260 3766 412 3803 ..ι-νῦ

1330 3836 1340 3845 ο

1322 3856 1340 3871 1.·-

1310 3876 1338 3929 l,

182 3960 262 4026 Quin
275 3964 439 4043 analogiam
451 3964 475 4023 si
488 3983 621 4044 sequare,
641 3965 730 4025 etiam
743 3966 832 4045 longa
845 3965 911 4039 ista,
931 3985 996 4045 quse
1010 3985 1063 4046 pro
1083 3966 1222 4026 ambabus
1238 3956 1295 4023 lire·
1311 3920 1341 4121 k.

200 4042 264 4100 ibus
277 4045 405 4121 ponitur,
419 4064 536 4126 anceps,
557 4046 682 4126 ideoque
691 4047 787 4106 brevis
798 4067 860 4108 esse
873 4058 982 4128 posset,
1003 4060 1036 4109 ut
1048 4066 1101 4143 pes
1114 4047 1169 4107 iste
1183 4048 1235 4106 has
1247 4044 1297 4104 for·
1322 4084 1335 4110 -.

182 4140 242 4181 mas
257 4126 419 4204 reciperet:
1313 4124 1341 4215 l·-¹

735 4255 750 4297 2
