<?xml version="1.0" encoding="UTF-8"?>
<!DOCTYPE html PUBLIC "-//W3C//DTD XHTML 1.0 Transitional//EN"
    "http://www.w3.org/TR/xhtml1/DTD/xhtml1-transitional.dtd">
<html xmlns="http://www.w3.org/1999/xhtml" xml:lang="en" lang="en">
 <head>
  <title>
</title>
<meta http-equiv="Content-Type" content="text/html;charset=utf-8" />
  <meta name='ocr-system' content='tesseract 3.04.00' />
  <meta name='ocr-capabilities' content='ocr_page ocr_carea ocr_par ocr_line ocrx_word'/>
</head>
<body>
  <div class='ocr_page' id='page_1' title='image "./elementadoctrin00hermgoog_0511.png"; bbox 0 0 2694 4866; ppageno 0'>
   <div class='ocr_carea' id='block_1_1' title="bbox 177 266 946 338">
    <p class='ocr_par' dir='ltr' id='par_1_1' title="bbox 177 266 946 338">
     <span class='ocr_line' id='line_1_1' title="bbox 177 266 946 338; baseline -0.009 -5"><span class='ocrx_word' id='word_1_1' title='bbox 177 276 238 338; x_wconf 84' lang='grc'><strong>476</strong></span> <span class='ocrx_word' id='word_1_2' title='bbox 552 269 632 332; x_wconf 87' lang='lat' dir='ltr'><strong>LlB.</strong></span> <span class='ocrx_word' id='word_1_3' title='bbox 652 268 711 330; x_wconf 92' lang='lat'><strong>111.</strong></span> <span class='ocrx_word' id='word_1_4' title='bbox 731 267 825 330; x_wconf 83' lang='lat' dir='ltr'><strong>csP.</strong></span> <span class='ocrx_word' id='word_1_5' title='bbox 844 266 946 329; x_wconf 85' lang='lat' dir='ltr'><strong>XXII.</strong></span> 
     </span>
    </p>
   </div>
   <div class='ocr_carea' id='block_1_2' title="bbox 179 432 1305 599">
    <p class='ocr_par' dir='ltr' id='par_1_2' title="bbox 179 432 1305 599">
     <span class='ocr_line' id='line_1_2' title="bbox 179 432 1305 516; baseline -0.004 -18"><span class='ocrx_word' id='word_1_6' title='bbox 179 451 235 511; x_wconf 89' lang='lat' dir='ltr'><strong>est,</strong></span> <span class='ocrx_word' id='word_1_7' title='bbox 250 437 305 495; x_wconf 88' lang='lat' dir='ltr'><strong>nisi</strong></span> <span class='ocrx_word' id='word_1_8' title='bbox 319 435 398 516; x_wconf 92' lang='lat' dir='ltr'><strong>quod</strong></span> <span class='ocrx_word' id='word_1_9' title='bbox 412 435 441 494; x_wconf 93' lang='lat' dir='ltr'><strong>in</strong></span> <span class='ocrx_word' id='word_1_10' title='bbox 455 454 491 495; x_wconf 90' lang='lat' dir='ltr'><strong>ea</strong></span> <span class='ocrx_word' id='word_1_11' title='bbox 503 434 600 496; x_wconf 89' lang='lat' dir='ltr'><strong>statim</strong></span> <span class='ocrx_word' id='word_1_12' title='bbox 615 435 741 516; x_wconf 90' lang='lat' dir='ltr'><strong>epodum</strong></span> <span class='ocrx_word' id='word_1_13' title='bbox 756 436 882 497; x_wconf 82' lang='lat' dir='ltr'><strong>universi</strong></span> <span class='ocrx_word' id='word_1_14' title='bbox 901 434 983 496; x_wconf 88' lang='lat' dir='ltr'><strong>chori</strong></span> <span class='ocrx_word' id='word_1_15' title='bbox 1004 445 1174 498; x_wconf 86' lang='lat' dir='ltr'><strong>concentus</strong></span> <span class='ocrx_word' id='word_1_16' title='bbox 1193 432 1305 514; x_wconf 83' lang='lat' dir='ltr'><strong>excipit,</strong></span> 
     </span>
     <span class='ocr_line' id='line_1_3' title="bbox 179 515 1305 599; baseline -0.001 -21"><span class='ocrx_word' id='word_1_17' title='bbox 179 522 204 578; x_wconf 94' lang='lat' dir='ltr'><strong>si</strong></span> <span class='ocrx_word' id='word_1_18' title='bbox 215 520 334 599; x_wconf 87' lang='lat' dir='ltr'><strong>quidem</strong></span> <span class='ocrx_word' id='word_1_19' title='bbox 348 532 429 578; x_wconf 86' lang='lat' dir='ltr'><strong>recte</strong></span> <span class='ocrx_word' id='word_1_20' title='bbox 450 519 487 579; x_wconf 91' lang='lat' dir='ltr'><strong>de</strong></span> <span class='ocrx_word' id='word_1_21' title='bbox 507 518 564 577; x_wconf 91' lang='lat' dir='ltr'><strong>hac</strong></span> <span class='ocrx_word' id='word_1_22' title='bbox 585 539 617 578; x_wconf 88' lang='lat' dir='ltr'><strong>re</strong></span> <span class='ocrx_word' id='word_1_23' title='bbox 638 519 800 579; x_wconf 77' lang='lat' dir='ltr'><strong>statuimus.</strong></span> <span class='ocrx_word' id='word_1_24' title='bbox 840 517 916 578; x_wconf 93' lang='lat' dir='ltr'><strong>Illud</strong></span> <span class='ocrx_word' id='word_1_25' title='bbox 937 515 1056 596; x_wconf 86' lang='lat' dir='ltr'><strong>quidem</strong></span> <span class='ocrx_word' id='word_1_26' title='bbox 1075 535 1140 577; x_wconf 91' lang='lat' dir='ltr'><strong>non</strong></span> <span class='ocrx_word' id='word_1_27' title='bbox 1161 534 1305 577; x_wconf 85' lang='lat' dir='ltr'><strong>vereorne</strong></span> 
     </span>
    </p>
   </div>
   <div class='ocr_carea' id='block_1_3' title="bbox 87 597 1305 680">
    <p class='ocr_par' dir='ltr' id='par_1_3' title="bbox 87 597 1305 680">
     <span class='ocr_line' id='line_1_4' title="bbox 87 597 1305 680; baseline -0.001 -21"><span class='ocrx_word' id='word_1_28' title='bbox 87 632 91 637; x_wconf 87' lang='lat'>-</span> <span class='ocrx_word' id='word_1_29' title='bbox 178 603 243 680; x_wconf 91' lang='lat' dir='ltr'><strong>quis</strong></span> <span class='ocrx_word' id='word_1_30' title='bbox 257 601 340 659; x_wconf 90' lang='lat' dir='ltr'><strong>nobis</strong></span> <span class='ocrx_word' id='word_1_31' title='bbox 351 600 478 679; x_wconf 87' lang='lat' dir='ltr'><strong>objiciat,</strong></span> <span class='ocrx_word' id='word_1_32' title='bbox 491 601 571 678; x_wconf 90' lang='lat' dir='ltr'><strong>quod</strong></span> <span class='ocrx_word' id='word_1_33' title='bbox 581 601 673 660; x_wconf 84' lang='lat' dir='ltr'><strong>oratio</strong></span> <span class='ocrx_word' id='word_1_34' title='bbox 686 598 863 671; x_wconf 73' lang='lat' dir='ltr'><strong>Calchantis,</strong></span> <span class='ocrx_word' id='word_1_35' title='bbox 874 618 940 678; x_wconf 80' lang='lat' dir='ltr'><strong>quta</strong></span> <span class='ocrx_word' id='word_1_36' title='bbox 952 597 983 657; x_wconf 91' lang='lat' dir='ltr'><strong>in</strong></span> <span class='ocrx_word' id='word_1_37' title='bbox 996 597 1186 679; x_wconf 77' lang='lat' dir='ltr'><strong>antistropha</strong></span> <span class='ocrx_word' id='word_1_38' title='bbox 1198 599 1305 678; x_wconf 77' lang='lat' dir='ltr'><strong>incepit</strong></span> 
     </span>
    </p>
   </div>
   <div class='ocr_carea' id='block_1_4' title="bbox 176 679 1306 842">
    <p class='ocr_par' dir='ltr' id='par_1_4' title="bbox 176 679 1306 842">
     <span class='ocr_line' id='line_1_5' title="bbox 176 679 1306 761; baseline -0.003 -19"><span class='ocrx_word' id='word_1_39' title='bbox 176 695 232 754; x_wconf 86' lang='lat' dir='ltr'><strong>est,</strong></span> <span class='ocrx_word' id='word_1_40' title='bbox 247 683 276 740; x_wconf 92' lang='lat' dir='ltr'><strong>in</strong></span> <span class='ocrx_word' id='word_1_41' title='bbox 291 681 387 761; x_wconf 89' lang='lat' dir='ltr'><strong>epodo</strong></span> <span class='ocrx_word' id='word_1_42' title='bbox 409 682 527 742; x_wconf 89' lang='lat' dir='ltr'><strong>demum</strong></span> <span class='ocrx_word' id='word_1_43' title='bbox 547 681 672 741; x_wconf 89' lang='lat' dir='ltr'><strong>finiatur.</strong></span> <span class='ocrx_word' id='word_1_44' title='bbox 712 681 789 740; x_wconf 88' lang='lat' dir='ltr'><strong>Nam</strong></span> <span class='ocrx_word' id='word_1_45' title='bbox 810 699 869 740; x_wconf 90' lang='lat' dir='ltr'><strong>non</strong></span> <span class='ocrx_word' id='word_1_46' title='bbox 888 679 983 739; x_wconf 90' lang='lat' dir='ltr'><strong>solum</strong></span> <span class='ocrx_word' id='word_1_47' title='bbox 1001 698 1103 741; x_wconf 73' lang='lat' dir='ltr'><strong>vanus</strong></span> <span class='ocrx_word' id='word_1_48' title='bbox 1124 679 1187 754; x_wconf 88' lang='lat' dir='ltr'><strong>ille,</strong></span> <span class='ocrx_word' id='word_1_49' title='bbox 1208 699 1266 760; x_wconf 90' lang='lat' dir='ltr'><strong>quo</strong></span> <span class='ocrx_word' id='word_1_50' title='bbox 1280 689 1306 740; x_wconf 87' lang='lat' dir='ltr'><strong>et</strong></span> 
     </span>
     <span class='ocr_line' id='line_1_6' title="bbox 177 762 798 842; baseline -0.003 -20"><span class='ocrx_word' id='word_1_51' title='bbox 177 763 297 842; x_wconf 87' lang='lat' dir='ltr'><strong>stropha</strong></span> <span class='ocrx_word' id='word_1_52' title='bbox 310 773 433 841; x_wconf 91' lang='lat' dir='ltr'><strong>utraque</strong></span> <span class='ocrx_word' id='word_1_53' title='bbox 448 774 477 822; x_wconf 88' lang='lat' dir='ltr'><strong>et</strong></span> <span class='ocrx_word' id='word_1_54' title='bbox 492 763 603 842; x_wconf 90' lang='lat' dir='ltr'><strong>epodus</strong></span> <span class='ocrx_word' id='word_1_55' title='bbox 616 762 798 833; x_wconf 88' lang='lat' dir='ltr'><strong>terminatur,</strong></span> 
     </span>
    </p>
   </div>
   <div class='ocr_carea' id='block_1_5' title="bbox 257 876 786 951">
    <p class='ocr_par' dir='ltr' id='par_1_5' title="bbox 257 876 786 951">
     <span class='ocr_line' id='line_1_7' title="bbox 257 876 786 951; baseline -0.008 -12"><span class='ocrx_word' id='word_1_56' title='bbox 257 879 360 951; x_wconf 67' lang='lat' dir='ltr'><strong>triarios,</strong></span> <span class='ocrx_word' id='word_1_57' title='bbox 373 878 465 940; x_wconf 68' lang='lat' dir='ltr'><strong>eiham</strong></span> <span class='ocrx_word' id='word_1_58' title='bbox 478 879 544 941; x_wconf 70' lang='lat' dir='ltr'><strong>tini·</strong></span> <span class='ocrx_word' id='word_1_59' title='bbox 564 885 592 940; x_wconf 76' lang='lat' dir='ltr'><strong>ri</strong></span> <span class='ocrx_word' id='word_1_60' title='bbox 607 877 630 939; x_wconf 56' lang='grc' dir='ltr'><strong><em>ἴ</em></strong></span> <span class='ocrx_word' id='word_1_61' title='bbox 643 876 670 939; x_wconf 70' lang='grc' dir='ltr'><strong>εὖ</strong></span> <span class='ocrx_word' id='word_1_62' title='bbox 684 877 786 949; x_wconf 78' lang='lat' dir='ltr'><strong>rtatisu,</strong></span> 
     </span>
    </p>
   </div>
   <div class='ocr_carea' id='block_1_6' title="bbox 95 989 1304 2376">
    <p class='ocr_par' dir='ltr' id='par_1_6' title="bbox 95 989 1304 2376">
     <span class='ocr_line' id='line_1_8' title="bbox 95 989 1304 1073; baseline -0.004 -20"><span class='ocrx_word' id='word_1_63' title='bbox 95 1063 99 1073; x_wconf 29' lang='grc' dir='ltr'>Ι</span> <span class='ocrx_word' id='word_1_64' title='bbox 176 994 344 1073; x_wconf 82' lang='lat' dir='ltr'><strong>interpellat</strong></span> <span class='ocrx_word' id='word_1_65' title='bbox 358 993 518 1054; x_wconf 88' lang='lat' dir='ltr'><strong>orationem</strong></span> <span class='ocrx_word' id='word_1_66' title='bbox 532 993 610 1052; x_wconf 90' lang='lat' dir='ltr'><strong>illam</strong></span> <span class='ocrx_word' id='word_1_67' title='bbox 625 989 803 1062; x_wconf 90' lang='lat' dir='ltr'><strong>Calchantis,</strong></span> <span class='ocrx_word' id='word_1_68' title='bbox 817 989 870 1049; x_wconf 90' lang='lat' dir='ltr'><strong>sed</strong></span> <span class='ocrx_word' id='word_1_69' title='bbox 883 1009 921 1050; x_wconf 88' lang='lat' dir='ltr'><strong>ne</strong></span> <span class='ocrx_word' id='word_1_70' title='bbox 940 990 977 1050; x_wconf 89' lang='lat' dir='ltr'><strong>ab</strong></span> <span class='ocrx_word' id='word_1_71' title='bbox 997 989 1041 1050; x_wconf 87' lang='lat' dir='ltr'><strong>rei</strong></span> <span class='ocrx_word' id='word_1_72' title='bbox 1062 1001 1174 1053; x_wconf 88' lang='lat' dir='ltr'><strong>natura</strong></span> <span class='ocrx_word' id='word_1_73' title='bbox 1195 989 1304 1073; x_wconf 86' lang='lat' dir='ltr'><strong>quidem</strong></span> 
     </span>
     <span class='ocr_line' id='line_1_9' title="bbox 177 1070 1304 1150; baseline -0.008 -14"><span class='ocrx_word' id='word_1_74' title='bbox 177 1077 324 1148; x_wconf 88' lang='lat' dir='ltr'><strong>abhorret,</strong></span> <span class='ocrx_word' id='word_1_75' title='bbox 339 1074 488 1145; x_wconf 89' lang='lat' dir='ltr'><strong>orationis,</strong></span> <span class='ocrx_word' id='word_1_76' title='bbox 502 1090 587 1150; x_wconf 88' lang='lat' dir='ltr'><strong>quam</strong></span> <span class='ocrx_word' id='word_1_77' title='bbox 598 1070 696 1148; x_wconf 88' lang='lat' dir='ltr'><strong>plures</strong></span> <span class='ocrx_word' id='word_1_78' title='bbox 705 1070 890 1145; x_wconf 85' lang='lat' dir='ltr'><strong>audiverunt,</strong></span> <span class='ocrx_word' id='word_1_79' title='bbox 903 1071 1073 1133; x_wconf 83' lang='lat' dir='ltr'><strong>relationem</strong></span> <span class='ocrx_word' id='word_1_80' title='bbox 1086 1073 1127 1133; x_wconf 90' lang='lat' dir='ltr'><strong>ab</strong></span> <span class='ocrx_word' id='word_1_81' title='bbox 1142 1072 1200 1133; x_wconf 86' lang='lat' dir='ltr'><strong>alio</strong></span> <span class='ocrx_word' id='word_1_82' title='bbox 1213 1071 1304 1150; x_wconf 87' lang='lat' dir='ltr'><strong>incipi,</strong></span> 
     </span>
     <span class='ocr_line' id='line_1_10' title="bbox 177 1151 1303 1232; baseline -0.006 -15"><span class='ocrx_word' id='word_1_83' title='bbox 177 1158 214 1218; x_wconf 89' lang='lat' dir='ltr'><strong>ab</strong></span> <span class='ocrx_word' id='word_1_84' title='bbox 229 1157 285 1217; x_wconf 91' lang='lat' dir='ltr'><strong>alio</strong></span> <span class='ocrx_word' id='word_1_85' title='bbox 299 1167 399 1216; x_wconf 91' lang='lat' dir='ltr'><strong>autem</strong></span> <span class='ocrx_word' id='word_1_86' title='bbox 412 1151 576 1213; x_wconf 89' lang='lat' dir='ltr'><strong>continuari</strong></span> <span class='ocrx_word' id='word_1_87' title='bbox 589 1162 677 1231; x_wconf 89' lang='lat' dir='ltr'><strong>atque</strong></span> <span class='ocrx_word' id='word_1_88' title='bbox 691 1152 828 1213; x_wconf 88' lang='lat' dir='ltr'><strong>adfinem</strong></span> <span class='ocrx_word' id='word_1_89' title='bbox 842 1153 974 1232; x_wconf 85' lang='lat' dir='ltr'><strong>perduci.</strong></span> <span class='ocrx_word' id='word_1_90' title='bbox 1014 1153 1116 1214; x_wconf 83' lang='lat' dir='ltr'><strong>Aliter</strong></span> <span class='ocrx_word' id='word_1_91' title='bbox 1138 1153 1303 1215; x_wconf 86' lang='lat' dir='ltr'><strong>crediderim</strong></span> 
     </span>
     <span class='ocr_line' id='line_1_11' title="bbox 103 1232 1303 1316; baseline -0.006 -17"><span class='ocrx_word' id='word_1_92' title='bbox 103 1264 108 1273; x_wconf 69' lang='lat'><strong><em>¹</em></strong></span> <span class='ocrx_word' id='word_1_93' title='bbox 178 1238 394 1299; x_wconf 88' lang='lat' dir='ltr'><strong>Phoenissarum</strong></span> <span class='ocrx_word' id='word_1_94' title='bbox 407 1233 549 1314; x_wconf 90' lang='lat' dir='ltr'><strong>parodum</strong></span> <span class='ocrx_word' id='word_1_95' title='bbox 562 1232 772 1293; x_wconf 88' lang='lat' dir='ltr'><strong>conformatam</strong></span> <span class='ocrx_word' id='word_1_96' title='bbox 786 1252 860 1306; x_wconf 89' lang='lat' dir='ltr'><strong>esse,</strong></span> <span class='ocrx_word' id='word_1_97' title='bbox 881 1235 912 1293; x_wconf 91' lang='lat' dir='ltr'><strong>in</strong></span> <span class='ocrx_word' id='word_1_98' title='bbox 931 1254 990 1314; x_wconf 89' lang='lat' dir='ltr'><strong>qua</strong></span> <span class='ocrx_word' id='word_1_99' title='bbox 1009 1255 1101 1315; x_wconf 89' lang='lat' dir='ltr'><strong>quum</strong></span> <span class='ocrx_word' id='word_1_100' title='bbox 1123 1235 1220 1316; x_wconf 91' lang='lat' dir='ltr'><strong>prima</strong></span> <span class='ocrx_word' id='word_1_101' title='bbox 1239 1233 1303 1294; x_wconf 86' lang='lat' dir='ltr'><strong>auti·</strong></span> 
     </span>
     <span class='ocr_line' id='line_1_12' title="bbox 179 1315 1302 1399; baseline -0.005 -20"><span class='ocrx_word' id='word_1_102' title='bbox 179 1318 306 1399; x_wconf 86' lang='lat' dir='ltr'><strong>strophae</strong></span> <span class='ocrx_word' id='word_1_103' title='bbox 319 1317 408 1376; x_wconf 83' lang='lat' dir='ltr'><strong>verba</strong></span> <span class='ocrx_word' id='word_1_104' title='bbox 421 1315 513 1391; x_wconf 79' lang='lat' dir='ltr'><strong>magis</strong></span> <span class='ocrx_word' id='word_1_105' title='bbox 526 1333 605 1375; x_wconf 85' lang='lat' dir='ltr'><strong>nexa</strong></span> <span class='ocrx_word' id='word_1_106' title='bbox 617 1315 675 1374; x_wconf 91' lang='lat' dir='ltr'><strong>sint</strong></span> <span class='ocrx_word' id='word_1_107' title='bbox 690 1335 757 1374; x_wconf 92' lang='lat' dir='ltr'><strong>cum</strong></span> <span class='ocrx_word' id='word_1_108' title='bbox 777 1334 937 1395; x_wconf 79' lang='lat' dir='ltr'><strong>praegressa</strong></span> <span class='ocrx_word' id='word_1_109' title='bbox 949 1315 1079 1396; x_wconf 89' lang='lat' dir='ltr'><strong>stropha,</strong></span> <span class='ocrx_word' id='word_1_110' title='bbox 1095 1337 1188 1396; x_wconf 90' lang='lat' dir='ltr'><strong>quam</strong></span> <span class='ocrx_word' id='word_1_111' title='bbox 1202 1327 1235 1377; x_wconf 89' lang='lat' dir='ltr'><strong>ut</strong></span> <span class='ocrx_word' id='word_1_112' title='bbox 1248 1333 1302 1374; x_wconf 92' lang='lat' dir='ltr'><strong>mu·</strong></span> 
     </span>
     <span class='ocr_line' id='line_1_13' title="bbox 176 1395 1302 1479; baseline -0.003 -20"><span class='ocrx_word' id='word_1_113' title='bbox 176 1401 232 1460; x_wconf 88' lang='lat' dir='ltr'><strong>tari</strong></span> <span class='ocrx_word' id='word_1_114' title='bbox 246 1417 384 1479; x_wconf 86' lang='lat' dir='ltr'><strong>personas</strong></span> <span class='ocrx_word' id='word_1_115' title='bbox 398 1395 537 1456; x_wconf 86' lang='lat' dir='ltr'><strong>credibile</strong></span> <span class='ocrx_word' id='word_1_116' title='bbox 557 1397 605 1469; x_wconf 89' lang='lat' dir='ltr'><strong>sit,</strong></span> <span class='ocrx_word' id='word_1_117' title='bbox 626 1408 676 1456; x_wconf 90' lang='lat' dir='ltr'><strong>aut</strong></span> <span class='ocrx_word' id='word_1_118' title='bbox 697 1408 761 1456; x_wconf 92' lang='lat' dir='ltr'><strong>tota</strong></span> <span class='ocrx_word' id='word_1_119' title='bbox 779 1398 906 1476; x_wconf 85' lang='lat' dir='ltr'><strong>paredus</strong></span> <span class='ocrx_word' id='word_1_120' title='bbox 918 1399 957 1458; x_wconf 89' lang='lat' dir='ltr'><strong>ab</strong></span> <span class='ocrx_word' id='word_1_121' title='bbox 969 1397 1106 1459; x_wconf 84' lang='lat' dir='ltr'><strong>universo</strong></span> <span class='ocrx_word' id='word_1_122' title='bbox 1123 1398 1216 1458; x_wconf 86' lang='lat' dir='ltr'><strong>choro</strong></span> <span class='ocrx_word' id='word_1_123' title='bbox 1236 1395 1302 1468; x_wconf 83' lang='lat' dir='ltr'><strong>cani,</strong></span> 
     </span>
     <span class='ocr_line' id='line_1_14' title="bbox 177 1477 1302 1559; baseline -0.003 -18"><span class='ocrx_word' id='word_1_124' title='bbox 177 1493 229 1541; x_wconf 90' lang='lat' dir='ltr'><strong>aut</strong></span> <span class='ocrx_word' id='word_1_125' title='bbox 241 1481 304 1540; x_wconf 85' lang='lat' dir='ltr'><strong>sola</strong></span> <span class='ocrx_word' id='word_1_126' title='bbox 317 1478 428 1557; x_wconf 89' lang='lat' dir='ltr'><strong>epodus</strong></span> <span class='ocrx_word' id='word_1_127' title='bbox 443 1489 517 1559; x_wconf 85' lang='lat' dir='ltr'><strong>partr</strong></span> <span class='ocrx_word' id='word_1_128' title='bbox 530 1477 618 1536; x_wconf 85' lang='lat' dir='ltr'><strong>ahcur</strong></span> <span class='ocrx_word' id='word_1_129' title='bbox 631 1479 740 1538; x_wconf 88' lang='lat' dir='ltr'><strong>tnbuta</strong></span> <span class='ocrx_word' id='word_1_130' title='bbox 760 1478 883 1538; x_wconf 89' lang='lat' dir='ltr'><strong>videtur.</strong></span> <span class='ocrx_word' id='word_1_131' title='bbox 924 1479 1038 1539; x_wconf 89' lang='lat' dir='ltr'><strong>Rursus</strong></span> <span class='ocrx_word' id='word_1_132' title='bbox 1058 1478 1150 1540; x_wconf 85' lang='lat' dir='ltr'><strong>aliam</strong></span> <span class='ocrx_word' id='word_1_133' title='bbox 1170 1479 1302 1539; x_wconf 86' lang='lat' dir='ltr'><strong>rationem</strong></span> 
     </span>
     <span class='ocr_line' id='line_1_15' title="bbox 176 1558 1300 1642; baseline -0.003 -21"><span class='ocrx_word' id='word_1_134' title='bbox 176 1561 288 1642; x_wconf 84' lang='lat' dir='ltr'><strong>paredi,</strong></span> <span class='ocrx_word' id='word_1_135' title='bbox 314 1580 378 1639; x_wconf 88' lang='lat' dir='ltr'><strong>quae</strong></span> <span class='ocrx_word' id='word_1_136' title='bbox 401 1560 431 1618; x_wconf 91' lang='lat' dir='ltr'><strong>in</strong></span> <span class='ocrx_word' id='word_1_137' title='bbox 455 1559 562 1619; x_wconf 86' lang='lat' dir='ltr'><strong>Oreste</strong></span> <span class='ocrx_word' id='word_1_138' title='bbox 584 1570 639 1629; x_wconf 85' lang='lat' dir='ltr'><strong>est,</strong></span> <span class='ocrx_word' id='word_1_139' title='bbox 660 1579 724 1619; x_wconf 87' lang='lat' dir='ltr'><strong>esse</strong></span> <span class='ocrx_word' id='word_1_140' title='bbox 744 1571 826 1639; x_wconf 92' lang='lat' dir='ltr'><strong>puto.</strong></span> <span class='ocrx_word' id='word_1_141' title='bbox 867 1562 942 1627; x_wconf 82' lang='lat' dir='ltr'><strong>Quae</strong></span> <span class='ocrx_word' id='word_1_142' title='bbox 961 1580 1052 1640; x_wconf 90' lang='lat' dir='ltr'><strong>quum</strong></span> <span class='ocrx_word' id='word_1_143' title='bbox 1073 1572 1141 1622; x_wconf 88' lang='lat' dir='ltr'><strong>tota</strong></span> <span class='ocrx_word' id='word_1_144' title='bbox 1160 1579 1200 1621; x_wconf 85' lang='lat' dir='ltr'><strong>ex</strong></span> <span class='ocrx_word' id='word_1_145' title='bbox 1213 1558 1300 1620; x_wconf 87' lang='lat' dir='ltr'><strong>metris</strong></span> 
     </span>
     <span class='ocr_line' id='line_1_16' title="bbox 177 1640 1297 1723; baseline -0.003 -20"><span class='ocrx_word' id='word_1_146' title='bbox 177 1643 339 1723; x_wconf 87' lang='lat' dir='ltr'><strong>Glyconeis</strong></span> <span class='ocrx_word' id='word_1_147' title='bbox 353 1640 514 1721; x_wconf 88' lang='lat' dir='ltr'><strong>composita</strong></span> <span class='ocrx_word' id='word_1_148' title='bbox 526 1640 573 1713; x_wconf 91' lang='lat' dir='ltr'><strong>sit,</strong></span> <span class='ocrx_word' id='word_1_149' title='bbox 588 1642 780 1721; x_wconf 88' lang='lat' dir='ltr'><strong>strophasque</strong></span> <span class='ocrx_word' id='word_1_150' title='bbox 793 1641 943 1702; x_wconf 87' lang='lat' dir='ltr'><strong>contineat</strong></span> <span class='ocrx_word' id='word_1_151' title='bbox 956 1641 1028 1702; x_wconf 88' lang='lat' dir='ltr'><strong>duas</strong></span> <span class='ocrx_word' id='word_1_152' title='bbox 1042 1660 1114 1702; x_wconf 88' lang='lat' dir='ltr'><strong>cum</strong></span> <span class='ocrx_word' id='word_1_153' title='bbox 1136 1662 1236 1703; x_wconf 90' lang='lat' dir='ltr'><strong>earum</strong></span> <span class='ocrx_word' id='word_1_154' title='bbox 1254 1661 1297 1700; x_wconf 90' lang='lat' dir='ltr'><strong>an-</strong></span> 
     </span>
     <span class='ocr_line' id='line_1_17' title="bbox 177 1722 1299 1818; baseline -0.004 -33"><span class='ocrx_word' id='word_1_155' title='bbox 177 1723 336 1805; x_wconf 88' lang='lat' dir='ltr'><strong>tistrophis,</strong></span> <span class='ocrx_word' id='word_1_156' title='bbox 351 1723 427 1783; x_wconf 88' lang='lat' dir='ltr'><strong>inter</strong></span> <span class='ocrx_word' id='word_1_157' title='bbox 441 1741 513 1802; x_wconf 87' lang='lat' dir='ltr'><strong>quas</strong></span> <span class='ocrx_word' id='word_1_158' title='bbox 526 1723 623 1782; x_wconf 90' lang='lat' dir='ltr'><strong>media</strong></span> <span class='ocrx_word' id='word_1_159' title='bbox 635 1723 747 1801; x_wconf 91' lang='lat' dir='ltr'><strong>epodus</strong></span> <span class='ocrx_word' id='word_1_160' title='bbox 760 1734 816 1796; x_wconf 86' lang='lat' dir='ltr'><strong>est,</strong></span> <span class='ocrx_word' id='word_1_161' title='bbox 830 1743 896 1818; x_wconf 84' lang='lat' dir='ltr'><strong>quae</strong></span> <span class='ocrx_word' id='word_1_162' title='bbox 915 1733 1035 1803; x_wconf 84' lang='lat' dir='ltr'><strong>propter</strong></span> <span class='ocrx_word' id='word_1_163' title='bbox 1048 1722 1130 1784; x_wconf 88' lang='lat' dir='ltr'><strong>hanc</strong></span> <span class='ocrx_word' id='word_1_164' title='bbox 1143 1724 1234 1804; x_wconf 87' lang='lat' dir='ltr'><strong>ipsam</strong></span> <span class='ocrx_word' id='word_1_165' title='bbox 1247 1741 1299 1782; x_wconf 88' lang='lat' dir='ltr'><strong>rem</strong></span> 
     </span>
     <span class='ocr_line' id='line_1_18' title="bbox 176 1802 1299 1887; baseline -0.007 -20"><span class='ocrx_word' id='word_1_166' title='bbox 176 1808 274 1887; x_wconf 87' lang='lat' dir='ltr'><strong>potius</strong></span> <span class='ocrx_word' id='word_1_167' title='bbox 287 1805 422 1865; x_wconf 86' lang='lat' dir='ltr'><strong>mesodus</strong></span> <span class='ocrx_word' id='word_1_168' title='bbox 436 1804 495 1864; x_wconf 91' lang='lat' dir='ltr'><strong>dici</strong></span> <span class='ocrx_word' id='word_1_169' title='bbox 508 1804 605 1873; x_wconf 77' lang='lat' dir='ltr'><strong>debet,</strong></span> <span class='ocrx_word' id='word_1_170' title='bbox 622 1824 680 1884; x_wconf 93' lang='lat' dir='ltr'><strong>quo</strong></span> <span class='ocrx_word' id='word_1_171' title='bbox 694 1823 759 1865; x_wconf 92' lang='lat' dir='ltr'><strong>eam</strong></span> <span class='ocrx_word' id='word_1_172' title='bbox 771 1824 890 1878; x_wconf 83' lang='lat' dir='ltr'><strong>nomme</strong></span> <span class='ocrx_word' id='word_1_173' title='bbox 904 1823 992 1884; x_wconf 89' lang='lat' dir='ltr'><strong>supra</strong></span> <span class='ocrx_word' id='word_1_174' title='bbox 1010 1825 1041 1884; x_wconf 88' lang='lat' dir='ltr'><strong>p.</strong></span> <span class='ocrx_word' id='word_1_175' title='bbox 1055 1810 1127 1868; x_wconf 88' lang='grc'><strong>348.</strong></span> <span class='ocrx_word' id='word_1_176' title='bbox 1148 1802 1299 1875; x_wconf 83' lang='lat' dir='ltr'><strong>nominari:¹</strong></span> 
     </span>
     <span class='ocr_line' id='line_1_19' title="bbox 177 1882 1297 1967; baseline -0.004 -18"><span class='ocrx_word' id='word_1_177' title='bbox 177 1899 241 1950; x_wconf 88' lang='lat' dir='ltr'><strong>tota</strong></span> <span class='ocrx_word' id='word_1_178' title='bbox 264 1888 355 1949; x_wconf 82' lang='lat' dir='ltr'><strong>videri</strong></span> <span class='ocrx_word' id='word_1_179' title='bbox 380 1896 478 1967; x_wconf 84' lang='lat' dir='ltr'><strong>posset</strong></span> <span class='ocrx_word' id='word_1_180' title='bbox 499 1887 537 1947; x_wconf 89' lang='lat' dir='ltr'><strong>ab</strong></span> <span class='ocrx_word' id='word_1_181' title='bbox 560 1886 695 1947; x_wconf 86' lang='lat' dir='ltr'><strong>universo</strong></span> <span class='ocrx_word' id='word_1_182' title='bbox 716 1887 806 1946; x_wconf 88' lang='lat' dir='ltr'><strong>choro</strong></span> <span class='ocrx_word' id='word_1_183' title='bbox 831 1897 949 1947; x_wconf 87' lang='lat' dir='ltr'><strong>cantata</strong></span> <span class='ocrx_word' id='word_1_184' title='bbox 971 1905 1045 1961; x_wconf 83' lang='lat' dir='ltr'><strong>esse,</strong></span> <span class='ocrx_word' id='word_1_185' title='bbox 1069 1887 1128 1946; x_wconf 91' lang='lat' dir='ltr'><strong>nisi</strong></span> <span class='ocrx_word' id='word_1_186' title='bbox 1142 1898 1202 1948; x_wconf 85' lang='lat' dir='ltr'><strong>tam</strong></span> <span class='ocrx_word' id='word_1_187' title='bbox 1216 1882 1297 1946; x_wconf 82' lang='lat' dir='ltr'><strong>brevis</strong></span> 
     </span>
     <span class='ocr_line' id='line_1_20' title="bbox 177 1964 1295 2050; baseline -0.004 -20"><span class='ocrx_word' id='word_1_188' title='bbox 177 1981 255 2030; x_wconf 86' lang='lat' dir='ltr'><strong>esset</strong></span> <span class='ocrx_word' id='word_1_189' title='bbox 268 1968 379 2050; x_wconf 87' lang='lat' dir='ltr'><strong>epodus</strong></span> <span class='ocrx_word' id='word_1_190' title='bbox 393 1969 452 2042; x_wconf 84' lang='lat' dir='ltr'><strong>illa,</strong></span> <span class='ocrx_word' id='word_1_191' title='bbox 467 1979 511 2040; x_wconf 91' lang='lat' dir='ltr'><strong>ut,</strong></span> <span class='ocrx_word' id='word_1_192' title='bbox 531 1968 606 2027; x_wconf 91' lang='lat' dir='ltr'><strong>siah</strong></span> <span class='ocrx_word' id='word_1_193' title='bbox 620 1967 723 2027; x_wconf 89' lang='lat' dir='ltr'><strong>iisdem</strong></span> <span class='ocrx_word' id='word_1_194' title='bbox 736 1968 867 2047; x_wconf 88' lang='lat' dir='ltr'><strong>personis</strong></span> <span class='ocrx_word' id='word_1_195' title='bbox 881 1979 1047 2042; x_wconf 85' lang='lat' dir='ltr'><strong>caneretur,</strong></span> <span class='ocrx_word' id='word_1_196' title='bbox 1061 1987 1124 2028; x_wconf 91' lang='lat' dir='ltr'><strong>non</strong></span> <span class='ocrx_word' id='word_1_197' title='bbox 1141 1971 1248 2048; x_wconf 76' lang='lat' dir='ltr'><strong>Justam</strong></span> <span class='ocrx_word' id='word_1_198' title='bbox 1263 1964 1295 2025; x_wconf 87' lang='lat' dir='ltr'><strong>ad</strong></span> 
     </span>
     <span class='ocr_line' id='line_1_21' title="bbox 176 2048 1296 2130; baseline -0.004 -18"><span class='ocrx_word' id='word_1_199' title='bbox 176 2052 310 2130; x_wconf 83' lang='lat' dir='ltr'><strong>strophas</strong></span> <span class='ocrx_word' id='word_1_200' title='bbox 333 2051 579 2130; x_wconf 87' lang='lat' dir='ltr'><strong>comparationem</strong></span> <span class='ocrx_word' id='word_1_201' title='bbox 602 2049 738 2109; x_wconf 88' lang='lat' dir='ltr'><strong>habitura</strong></span> <span class='ocrx_word' id='word_1_202' title='bbox 760 2061 847 2110; x_wconf 88' lang='lat' dir='ltr'><strong>esset.</strong></span> <span class='ocrx_word' id='word_1_203' title='bbox 901 2053 1000 2118; x_wconf 88' lang='lat' dir='ltr'><strong>Quare</strong></span> <span class='ocrx_word' id='word_1_204' title='bbox 1021 2048 1159 2129; x_wconf 86' lang='lat' dir='ltr'><strong>suspicor</strong></span> <span class='ocrx_word' id='word_1_205' title='bbox 1178 2049 1231 2109; x_wconf 89' lang='lat' dir='ltr'><strong>hos</strong></span> <span class='ocrx_word' id='word_1_206' title='bbox 1248 2058 1296 2107; x_wconf 85' lang='lat' dir='ltr'><strong>tras</strong></span> 
     </span>
     <span class='ocr_line' id='line_1_22' title="bbox 176 2124 1297 2211; baseline -0.004 -19"><span class='ocrx_word' id='word_1_207' title='bbox 176 2134 334 2194; x_wconf 80' lang='lat' dir='ltr'><strong>versiculos</strong></span> <span class='ocrx_word' id='word_1_208' title='bbox 362 2133 399 2192; x_wconf 86' lang='lat' dir='ltr'><strong>ab</strong></span> <span class='ocrx_word' id='word_1_209' title='bbox 419 2132 528 2211; x_wconf 84' lang='lat' dir='ltr'><strong>exigna</strong></span> <span class='ocrx_word' id='word_1_210' title='bbox 548 2130 630 2190; x_wconf 91' lang='lat' dir='ltr'><strong>chori</strong></span> <span class='ocrx_word' id='word_1_211' title='bbox 649 2141 732 2210; x_wconf 87' lang='lat' dir='ltr'><strong>parte</strong></span> <span class='ocrx_word' id='word_1_212' title='bbox 752 2131 830 2199; x_wconf 79' lang='lat' dir='ltr'><strong>iuter</strong></span> <span class='ocrx_word' id='word_1_213' title='bbox 849 2132 982 2211; x_wconf 87' lang='lat' dir='ltr'><strong>strophas</strong></span> <span class='ocrx_word' id='word_1_214' title='bbox 1002 2130 1146 2193; x_wconf 85' lang='lat' dir='ltr'><strong>recitatos</strong></span> <span class='ocrx_word' id='word_1_215' title='bbox 1165 2150 1238 2192; x_wconf 86' lang='lat' dir='ltr'><strong>esse:</strong></span> <span class='ocrx_word' id='word_1_216' title='bbox 1256 2124 1297 2189; x_wconf 85' lang='lat' dir='ltr'><strong>cui</strong></span> 
     </span>
     <span class='ocr_line' id='line_1_23' title="bbox 177 2211 1294 2293; baseline 0 -19"><span class='ocrx_word' id='word_1_217' title='bbox 177 2219 356 2293; x_wconf 87' lang='lat' dir='ltr'><strong>conjecturae</strong></span> <span class='ocrx_word' id='word_1_218' title='bbox 378 2234 438 2274; x_wconf 90' lang='lat' dir='ltr'><strong>non</strong></span> <span class='ocrx_word' id='word_1_219' title='bbox 459 2224 603 2292; x_wconf 83' lang='lat' dir='ltr'><strong>repugnat</strong></span> <span class='ocrx_word' id='word_1_220' title='bbox 623 2211 778 2285; x_wconf 89' lang='lat' dir='ltr'><strong>sententia,</strong></span> <span class='ocrx_word' id='word_1_221' title='bbox 798 2213 929 2273; x_wconf 85' lang='lat' dir='ltr'><strong>versibus</strong></span> <span class='ocrx_word' id='word_1_222' title='bbox 948 2212 1005 2272; x_wconf 89' lang='lat' dir='ltr'><strong>illis</strong></span> <span class='ocrx_word' id='word_1_223' title='bbox 1025 2232 1178 2293; x_wconf 84' lang='lat' dir='ltr'><strong>expressa,</strong></span> <span class='ocrx_word' id='word_1_224' title='bbox 1199 2208 1294 2291; x_wconf 64' lang='lat' dir='ltr'><strong>siquis</strong></span> 
     </span>
     <span class='ocr_line' id='line_1_24' title="bbox 177 2293 1289 2376; baseline -0.001 -19"><span class='ocrx_word' id='word_1_225' title='bbox 177 2315 243 2357; x_wconf 88' lang='lat' dir='ltr'><strong>eam</strong></span> <span class='ocrx_word' id='word_1_226' title='bbox 257 2316 324 2356; x_wconf 90' lang='lat' dir='ltr'><strong>cum</strong></span> <span class='ocrx_word' id='word_1_227' title='bbox 338 2296 522 2376; x_wconf 85' lang='lat' dir='ltr'><strong>stropharum</strong></span> <span class='ocrx_word' id='word_1_228' title='bbox 536 2305 709 2374; x_wconf 79' lang='lat' dir='ltr'><strong>argumento</strong></span> <span class='ocrx_word' id='word_1_229' title='bbox 724 2293 891 2357; x_wconf 84' lang='lat' dir='ltr'><strong>contulerit.</strong></span> <span class='ocrx_word' id='word_1_230' title='bbox 931 2293 1096 2356; x_wconf 83' lang='lat' dir='ltr'><strong>Estautem</strong></span> <span class='ocrx_word' id='word_1_231' title='bbox 1110 2295 1191 2356; x_wconf 80' lang='lat' dir='ltr'><strong>haecr</strong></span> <span class='ocrx_word' id='word_1_232' title='bbox 1284 2300 1289 2311; x_wconf 93' lang='grc'><em>“</em></span> 
     </span>
    </p>
   </div>
   <div class='ocr_carea' id='block_1_7' title="bbox 259 2423 744 2673">
    <p class='ocr_par' dir='ltr' id='par_1_7' title="bbox 259 2423 744 2673">
     <span class='ocr_line' id='line_1_25' title="bbox 259 2423 633 2509; baseline -0.003 -21"><span class='ocrx_word' id='word_1_233' title='bbox 259 2430 296 2495; x_wconf 74' lang='grc' dir='ltr'><strong>τίς</strong></span> <span class='ocrx_word' id='word_1_234' title='bbox 311 2428 386 2500; x_wconf 72' lang='lat' dir='ltr'><strong>ris-05,</strong></span> <span class='ocrx_word' id='word_1_235' title='bbox 400 2429 417 2498; x_wconf 74' lang='grc' dir='ltr'>ἢ</span> <span class='ocrx_word' id='word_1_236' title='bbox 429 2429 485 2488; x_wconf 80' lang='lat' dir='ltr'><strong>ts&#39;rrt</strong></span> <span class='ocrx_word' id='word_1_237' title='bbox 502 2423 601 2509; x_wconf 67' lang='lat' dir='ltr'><strong>dsiagv&#39;,</strong></span> <span class='ocrx_word' id='word_1_238' title='bbox 617 2426 633 2496; x_wconf 73' lang='lat' dir='ltr'><strong>i)</strong></span> 
     </span>
     <span class='ocr_line' id='line_1_26' title="bbox 260 2509 663 2587; baseline -0.005 -18"><span class='ocrx_word' id='word_1_239' title='bbox 260 2511 297 2575; x_wconf 73' lang='grc' dir='ltr'><strong>τίς</strong></span> <span class='ocrx_word' id='word_1_240' title='bbox 319 2509 383 2577; x_wconf 69' lang='grc' dir='ltr'><strong>’ἔλεος</strong></span> <span class='ocrx_word' id='word_1_241' title='bbox 402 2509 492 2587; x_wconf 56' lang='lat' dir='ltr'><strong>strigas</strong></span> <span class='ocrx_word' id='word_1_242' title='bbox 512 2512 582 2568; x_wconf 74' lang='lat' dir='ltr'><strong>astrei</strong></span> <span class='ocrx_word' id='word_1_243' title='bbox 603 2515 663 2580; x_wconf 73' lang='grc' dir='ltr'><strong>γὸἶν,</strong></span> 
     </span>
     <span class='ocr_line' id='line_1_27' title="bbox 259 2588 744 2673; baseline -0.002 -23"><span class='ocrx_word' id='word_1_244' title='bbox 259 2589 276 2660; x_wconf 70' lang='lat' dir='ltr'><strong>ii</strong></span> <span class='ocrx_word' id='word_1_245' title='bbox 295 2590 461 2673; x_wconf 61' lang='lat' dir='ltr'><strong>mrgoarirrr</strong></span> <span class='ocrx_word' id='word_1_246' title='bbox 481 2588 549 2668; x_wconf 65' lang='lat' dir='ltr'><strong>alprat</strong></span> <span class='ocrx_word' id='word_1_247' title='bbox 563 2594 629 2672; x_wconf 64' lang='lat' dir='ltr'><strong>xrsgi</strong></span> <span class='ocrx_word' id='word_1_248' title='bbox 641 2588 744 2650; x_wconf 62' lang='grc' dir='ltr'><strong>θέσθαι.</strong></span> 
     </span>
    </p>
   </div>
   <div class='ocr_carea' id='block_1_8' title="bbox 178 2719 1302 4435">
    <p class='ocr_par' dir='ltr' id='par_1_8' title="bbox 178 2719 1302 3287">
     <span class='ocr_line' id='line_1_28' title="bbox 221 2719 1299 2794; baseline -0.001 -14"><span class='ocrx_word' id='word_1_249' title='bbox 221 2725 268 2780; x_wconf 91' lang='lat' dir='ltr'><strong>ll.</strong></span> <span class='ocrx_word' id='word_1_250' title='bbox 291 2721 445 2782; x_wconf 86' lang='lat' dir='ltr'><strong>Comoedia</strong></span> <span class='ocrx_word' id='word_1_251' title='bbox 463 2731 556 2792; x_wconf 80' lang='lat' dir='ltr'><strong>vetus,</strong></span> <span class='ocrx_word' id='word_1_252' title='bbox 572 2720 627 2780; x_wconf 88' lang='lat' dir='ltr'><strong>etsi</strong></span> <span class='ocrx_word' id='word_1_253' title='bbox 647 2719 766 2781; x_wconf 89' lang='lat' dir='ltr'><strong>chorica</strong></span> <span class='ocrx_word' id='word_1_254' title='bbox 786 2719 915 2780; x_wconf 89' lang='lat' dir='ltr'><strong>carmina</strong></span> <span class='ocrx_word' id='word_1_255' title='bbox 934 2721 1025 2780; x_wconf 87' lang='lat' dir='ltr'><strong>multa</strong></span> <span class='ocrx_word' id='word_1_256' title='bbox 1037 2720 1140 2794; x_wconf 87' lang='lat' dir='ltr'><strong>habet,</strong></span> <span class='ocrx_word' id='word_1_257' title='bbox 1161 2733 1255 2794; x_wconf 81' lang='lat' dir='ltr'><strong>tamen</strong></span> <span class='ocrx_word' id='word_1_258' title='bbox 1271 2737 1299 2779; x_wconf 84' lang='lat' dir='ltr'><strong>aa</strong></span> 
     </span>
     <span class='ocr_line' id='line_1_29' title="bbox 179 2802 1300 2882; baseline 0.004 -23"><span class='ocrx_word' id='word_1_259' title='bbox 179 2803 303 2861; x_wconf 91' lang='lat' dir='ltr'><strong>multum</strong></span> <span class='ocrx_word' id='word_1_260' title='bbox 317 2821 335 2862; x_wconf 88' lang='lat' dir='ltr'><strong>a</strong></span> <span class='ocrx_word' id='word_1_261' title='bbox 348 2803 449 2882; x_wconf 84' lang='lat' dir='ltr'><strong>paredi</strong></span> <span class='ocrx_word' id='word_1_262' title='bbox 463 2803 581 2881; x_wconf 68' lang='lat' dir='ltr'><strong>tragicae</strong></span> <span class='ocrx_word' id='word_1_263' title='bbox 596 2813 626 2862; x_wconf 90' lang='lat' dir='ltr'><strong>et</strong></span> <span class='ocrx_word' id='word_1_264' title='bbox 639 2803 823 2862; x_wconf 84' lang='lat' dir='ltr'><strong>stasimorum</strong></span> <span class='ocrx_word' id='word_1_265' title='bbox 832 2802 974 2881; x_wconf 80' lang='lat' dir='ltr'><strong>gravitate</strong></span> <span class='ocrx_word' id='word_1_266' title='bbox 987 2802 1172 2863; x_wconf 80' lang='lat' dir='ltr'><strong>alienarunt.</strong></span> <span class='ocrx_word' id='word_1_267' title='bbox 1215 2805 1300 2869; x_wconf 80' lang='lat' dir='ltr'><strong>Quare</strong></span> 
     </span>
     <span class='ocr_line' id='line_1_30' title="bbox 179 2883 1301 2964; baseline 0.003 -24"><span class='ocrx_word' id='word_1_268' title='bbox 179 2883 327 2943; x_wconf 87' lang='lat' dir='ltr'><strong>interdum</strong></span> <span class='ocrx_word' id='word_1_269' title='bbox 341 2883 581 2962; x_wconf 89' lang='lat' dir='ltr'><strong>monostrophica</strong></span> <span class='ocrx_word' id='word_1_270' title='bbox 594 2896 672 2956; x_wconf 86' lang='lat' dir='ltr'><strong>sunt,</strong></span> <span class='ocrx_word' id='word_1_271' title='bbox 691 2895 724 2944; x_wconf 90' lang='lat' dir='ltr'><strong>ut</strong></span> <span class='ocrx_word' id='word_1_272' title='bbox 737 2884 768 2942; x_wconf 92' lang='lat' dir='ltr'><strong>in</strong></span> <span class='ocrx_word' id='word_1_273' title='bbox 782 2883 939 2963; x_wconf 87' lang='lat' dir='ltr'><strong>Equitibus</strong></span> <span class='ocrx_word' id='word_1_274' title='bbox 952 2904 980 2944; x_wconf 82' lang='lat' dir='ltr'><strong>r.</strong></span> <span class='ocrx_word' id='word_1_275' title='bbox 994 2886 1065 2948; x_wconf 87' lang='grc'><strong>973.</strong></span> <span class='ocrx_word' id='word_1_276' title='bbox 1077 2903 1161 2964; x_wconf 84' lang='lat' dir='ltr'><strong>seqq.</strong></span> <span class='ocrx_word' id='word_1_277' title='bbox 1174 2884 1241 2944; x_wconf 89' lang='lat' dir='ltr'><strong>alibi</strong></span> <span class='ocrx_word' id='word_1_278' title='bbox 1258 2902 1301 2943; x_wconf 81' lang='lat' dir='ltr'><strong>ar·</strong></span> 
     </span>
     <span class='ocr_line' id='line_1_31' title="bbox 179 2965 1302 3044; baseline 0.004 -22"><span class='ocrx_word' id='word_1_279' title='bbox 179 2972 249 3033; x_wconf 90' lang='lat' dir='ltr'><strong>tem,</strong></span> <span class='ocrx_word' id='word_1_280' title='bbox 265 2966 342 3043; x_wconf 94' lang='lat' dir='ltr'><strong>quod</strong></span> <span class='ocrx_word' id='word_1_281' title='bbox 354 2977 450 3024; x_wconf 88' lang='lat' dir='ltr'><strong>tamen</strong></span> <span class='ocrx_word' id='word_1_282' title='bbox 461 2984 557 3023; x_wconf 92' lang='lat' dir='ltr'><strong>rarum</strong></span> <span class='ocrx_word' id='word_1_283' title='bbox 568 2977 623 3036; x_wconf 90' lang='lat' dir='ltr'><strong>est,</strong></span> <span class='ocrx_word' id='word_1_284' title='bbox 633 2965 777 3044; x_wconf 88' lang='lat' dir='ltr'><strong>proodum</strong></span> <span class='ocrx_word' id='word_1_285' title='bbox 787 2977 818 3025; x_wconf 88' lang='lat' dir='ltr'><strong>et</strong></span> <span class='ocrx_word' id='word_1_286' title='bbox 830 2965 981 3025; x_wconf 90' lang='lat' dir='ltr'><strong>mesodum</strong></span> <span class='ocrx_word' id='word_1_287' title='bbox 994 2966 1116 3038; x_wconf 86' lang='lat' dir='ltr'><strong>habent,</strong></span> <span class='ocrx_word' id='word_1_288' title='bbox 1131 2976 1167 3026; x_wconf 90' lang='lat' dir='ltr'><strong>ut</strong></span> <span class='ocrx_word' id='word_1_289' title='bbox 1180 2966 1210 3025; x_wconf 91' lang='lat' dir='ltr'><strong>in</strong></span> <span class='ocrx_word' id='word_1_290' title='bbox 1224 2966 1302 3027; x_wconf 80' lang='lat' dir='ltr'><strong>&#39;lher-</strong></span> 
     </span>
     <span class='ocr_line' id='line_1_32' title="bbox 178 3045 1301 3124; baseline 0.003 -22"><span class='ocrx_word' id='word_1_291' title='bbox 178 3045 276 3123; x_wconf 90' lang='lat' dir='ltr'><strong>moph.</strong></span> <span class='ocrx_word' id='word_1_292' title='bbox 294 3051 381 3106; x_wconf 90' lang='grc'><strong>1136.</strong></span> <span class='ocrx_word' id='word_1_293' title='bbox 396 3045 474 3124; x_wconf 87' lang='lat' dir='ltr'><strong>quod</strong></span> <span class='ocrx_word' id='word_1_294' title='bbox 488 3064 605 3104; x_wconf 92' lang='lat' dir='ltr'><strong>carmen</strong></span> <span class='ocrx_word' id='word_1_295' title='bbox 618 3065 706 3124; x_wconf 86' lang='lat' dir='ltr'><strong>supra</strong></span> <span class='ocrx_word' id='word_1_296' title='bbox 718 3066 748 3124; x_wconf 91' lang='lat' dir='ltr'><strong>p.</strong></span> <span class='ocrx_word' id='word_1_297' title='bbox 773 3052 844 3108; x_wconf 90' lang='grc'><strong>348.</strong></span> <span class='ocrx_word' id='word_1_298' title='bbox 869 3048 1055 3106; x_wconf 82' lang='lat' dir='ltr'><strong>emendatum</strong></span> <span class='ocrx_word' id='word_1_299' title='bbox 1080 3047 1225 3108; x_wconf 81' lang='lat' dir='ltr'><strong>dedimus.</strong></span> <span class='ocrx_word' id='word_1_300' title='bbox 1261 3048 1301 3107; x_wconf 86' lang='lat' dir='ltr'><strong>De</strong></span> 
     </span>
     <span class='ocr_line' id='line_1_33' title="bbox 181 3124 1300 3207; baseline 0.004 -25"><span class='ocrx_word' id='word_1_301' title='bbox 181 3124 384 3187; x_wconf 89' lang='lat' dir='ltr'><strong>distributione</strong></span> <span class='ocrx_word' id='word_1_302' title='bbox 399 3126 480 3186; x_wconf 90' lang='lat' dir='ltr'><strong>chori</strong></span> <span class='ocrx_word' id='word_1_303' title='bbox 494 3127 524 3185; x_wconf 90' lang='lat' dir='ltr'><strong>in</strong></span> <span class='ocrx_word' id='word_1_304' title='bbox 541 3127 586 3186; x_wconf 91' lang='lat' dir='ltr'><strong>his</strong></span> <span class='ocrx_word' id='word_1_305' title='bbox 607 3127 782 3187; x_wconf 82' lang='lat' dir='ltr'><strong>carminibus</strong></span> <span class='ocrx_word' id='word_1_306' title='bbox 802 3147 950 3207; x_wconf 89' lang='lat' dir='ltr'><strong>speramus</strong></span> <span class='ocrx_word' id='word_1_307' title='bbox 970 3127 1128 3207; x_wconf 88' lang='lat' dir='ltr'><strong>aliquando</strong></span> <span class='ocrx_word' id='word_1_308' title='bbox 1149 3127 1300 3190; x_wconf 85' lang='lat' dir='ltr'><strong>accuratius</strong></span> 
     </span>
     <span class='ocr_line' id='line_1_34' title="bbox 181 3209 735 3287; baseline 0.007 -23"><span class='ocrx_word' id='word_1_309' title='bbox 181 3209 336 3287; x_wconf 87' lang='lat' dir='ltr'><strong>quaesitum</strong></span> <span class='ocrx_word' id='word_1_310' title='bbox 350 3209 394 3273; x_wconf 89' lang='lat' dir='ltr'><strong>iri.</strong></span> <span class='ocrx_word' id='word_1_311' title='bbox 732 3272 735 3277; x_wconf 56' lang='grc'><strong><em>,</em></strong></span> 
     </span>
    </p>

    <p class='ocr_par' dir='ltr' id='par_1_9' title="bbox 179 3291 1301 4435">
     <span class='ocr_line' id='line_1_35' title="bbox 224 3291 1301 3371; baseline 0.003 -22"><span class='ocrx_word' id='word_1_312' title='bbox 224 3294 270 3350; x_wconf 74' lang='grc'><strong>13.</strong></span> <span class='ocrx_word' id='word_1_313' title='bbox 293 3291 352 3352; x_wconf 85' lang='lat' dir='ltr'><strong>Sed</strong></span> <span class='ocrx_word' id='word_1_314' title='bbox 366 3303 400 3351; x_wconf 89' lang='lat' dir='ltr'><strong>ut</strong></span> <span class='ocrx_word' id='word_1_315' title='bbox 412 3292 449 3351; x_wconf 94' lang='lat' dir='ltr'><strong>ad</strong></span> <span class='ocrx_word' id='word_1_316' title='bbox 463 3292 640 3370; x_wconf 83' lang='lat' dir='ltr'><strong>tragicorum</strong></span> <span class='ocrx_word' id='word_1_317' title='bbox 654 3291 779 3369; x_wconf 87' lang='lat' dir='ltr'><strong>parodos</strong></span> <span class='ocrx_word' id='word_1_318' title='bbox 793 3301 823 3352; x_wconf 92' lang='lat' dir='ltr'><strong>et</strong></span> <span class='ocrx_word' id='word_1_319' title='bbox 838 3291 954 3352; x_wconf 83' lang='lat' dir='ltr'><strong>stasims</strong></span> <span class='ocrx_word' id='word_1_320' title='bbox 968 3291 1097 3363; x_wconf 88' lang='lat' dir='ltr'><strong>redeam,</strong></span> <span class='ocrx_word' id='word_1_321' title='bbox 1116 3292 1221 3352; x_wconf 87' lang='lat' dir='ltr'><strong>miram</strong></span> <span class='ocrx_word' id='word_1_322' title='bbox 1235 3308 1301 3371; x_wconf 79' lang='lat' dir='ltr'><strong>sepe</strong></span> 
     </span>
     <span class='ocr_line' id='line_1_36' title="bbox 182 3370 1300 3454; baseline 0.005 -25"><span class='ocrx_word' id='word_1_323' title='bbox 182 3370 272 3431; x_wconf 90' lang='lat' dir='ltr'><strong>inhis</strong></span> <span class='ocrx_word' id='word_1_324' title='bbox 287 3373 484 3433; x_wconf 90' lang='lat' dir='ltr'><strong>difficultatem</strong></span> <span class='ocrx_word' id='word_1_325' title='bbox 499 3374 608 3431; x_wconf 87' lang='lat' dir='ltr'><strong>habent</strong></span> <span class='ocrx_word' id='word_1_326' title='bbox 621 3372 718 3451; x_wconf 78' lang='lat' dir='ltr'><strong>spodi.</strong></span> <span class='ocrx_word' id='word_1_327' title='bbox 758 3375 888 3440; x_wconf 89' lang='lat' dir='ltr'><strong>Quarum</strong></span> <span class='ocrx_word' id='word_1_328' title='bbox 912 3374 967 3433; x_wconf 87' lang='lat' dir='ltr'><strong>etsi</strong></span> <span class='ocrx_word' id='word_1_329' title='bbox 989 3373 1123 3453; x_wconf 74' lang='lat' dir='ltr'><strong>quadam</strong></span> <span class='ocrx_word' id='word_1_330' title='bbox 1149 3374 1191 3434; x_wconf 91' lang='lat' dir='ltr'><strong>ita</strong></span> <span class='ocrx_word' id='word_1_331' title='bbox 1213 3382 1300 3454; x_wconf 58' lang='lat' dir='ltr'><strong>epate</strong></span> 
     </span>
     <span class='ocr_line' id='line_1_37' title="bbox 180 3453 1300 3533; baseline -0.001 -21"><span class='ocrx_word' id='word_1_332' title='bbox 180 3455 266 3532; x_wconf 89' lang='lat' dir='ltr'><strong>epodi</strong></span> <span class='ocrx_word' id='word_1_333' title='bbox 280 3455 348 3527; x_wconf 88' lang='lat' dir='ltr'><strong>sint,</strong></span> <span class='ocrx_word' id='word_1_334' title='bbox 363 3467 395 3514; x_wconf 92' lang='lat' dir='ltr'><strong>ut</strong></span> <span class='ocrx_word' id='word_1_335' title='bbox 410 3455 490 3513; x_wconf 89' lang='lat' dir='ltr'><strong>nulla</strong></span> <span class='ocrx_word' id='word_1_336' title='bbox 503 3454 588 3532; x_wconf 89' lang='lat' dir='ltr'><strong>plane</strong></span> <span class='ocrx_word' id='word_1_337' title='bbox 602 3453 745 3514; x_wconf 88' lang='lat' dir='ltr'><strong>dubitatio</strong></span> <span class='ocrx_word' id='word_1_338' title='bbox 758 3454 947 3533; x_wconf 90' lang='lat' dir='ltr'><strong>relinquatur,</strong></span> <span class='ocrx_word' id='word_1_339' title='bbox 963 3466 1060 3514; x_wconf 87' lang='lat' dir='ltr'><strong>tamen</strong></span> <span class='ocrx_word' id='word_1_340' title='bbox 1075 3454 1142 3514; x_wconf 86' lang='lat' dir='ltr'><strong>aliae</strong></span> <span class='ocrx_word' id='word_1_341' title='bbox 1150 3466 1232 3516; x_wconf 82' lang='lat' dir='ltr'><strong>tanta</strong></span> <span class='ocrx_word' id='word_1_342' title='bbox 1243 3464 1300 3514; x_wconf 86' lang='lat' dir='ltr'><strong>sunt</strong></span> 
     </span>
     <span class='ocr_line' id='line_1_38' title="bbox 181 3535 1300 3615; baseline -0.002 -21"><span class='ocrx_word' id='word_1_343' title='bbox 181 3547 342 3596; x_wconf 87' lang='lat' dir='ltr'><strong>metrorum</strong></span> <span class='ocrx_word' id='word_1_344' title='bbox 356 3536 544 3595; x_wconf 86' lang='lat' dir='ltr'><strong>similitudine</strong></span> <span class='ocrx_word' id='word_1_345' title='bbox 556 3537 653 3608; x_wconf 87' lang='lat' dir='ltr'><strong>factae,</strong></span> <span class='ocrx_word' id='word_1_346' title='bbox 668 3548 701 3594; x_wconf 91' lang='lat' dir='ltr'><strong>ut</strong></span> <span class='ocrx_word' id='word_1_347' title='bbox 715 3535 990 3615; x_wconf 82' lang='lat' dir='ltr'><strong>antistrophicorum</strong></span> <span class='ocrx_word' id='word_1_348' title='bbox 1003 3535 1133 3614; x_wconf 85' lang='lat' dir='ltr'><strong>speciem</strong></span> <span class='ocrx_word' id='word_1_349' title='bbox 1160 3537 1247 3598; x_wconf 86' lang='lat' dir='ltr'><strong>etiam</strong></span> <span class='ocrx_word' id='word_1_350' title='bbox 1258 3535 1300 3594; x_wconf 90' lang='lat' dir='ltr'><strong>ob·</strong></span> 
     </span>
     <span class='ocr_line' id='line_1_39' title="bbox 180 3616 1300 3696; baseline -0.003 -18"><span class='ocrx_word' id='word_1_351' title='bbox 180 3616 300 3678; x_wconf 86' lang='lat' dir='ltr'><strong>trudere</strong></span> <span class='ocrx_word' id='word_1_352' title='bbox 313 3618 474 3677; x_wconf 86' lang='lat' dir='ltr'><strong>videantur.</strong></span> <span class='ocrx_word' id='word_1_353' title='bbox 516 3620 584 3685; x_wconf 86' lang='lat' dir='ltr'><strong>Quo</strong></span> <span class='ocrx_word' id='word_1_354' title='bbox 598 3618 628 3675; x_wconf 91' lang='lat' dir='ltr'><strong>in</strong></span> <span class='ocrx_word' id='word_1_355' title='bbox 649 3636 757 3695; x_wconf 85' lang='lat' dir='ltr'><strong>genere</strong></span> <span class='ocrx_word' id='word_1_356' title='bbox 775 3618 930 3696; x_wconf 77' lang='lat' dir='ltr'><strong>diligenter</strong></span> <span class='ocrx_word' id='word_1_357' title='bbox 944 3617 1106 3678; x_wconf 87' lang='lat' dir='ltr'><strong>cavendum</strong></span> <span class='ocrx_word' id='word_1_358' title='bbox 1121 3630 1179 3692; x_wconf 88' lang='lat' dir='ltr'><strong>est,</strong></span> <span class='ocrx_word' id='word_1_359' title='bbox 1199 3637 1236 3678; x_wconf 87' lang='lat' dir='ltr'><strong>na</strong></span> <span class='ocrx_word' id='word_1_360' title='bbox 1247 3616 1300 3675; x_wconf 76' lang='lat' dir='ltr'><strong>hat</strong></span> 
     </span>
     <span class='ocr_line' id='line_1_40' title="bbox 179 3698 1299 3780; baseline 0 -22"><span class='ocrx_word' id='word_1_361' title='bbox 179 3718 226 3758; x_wconf 87' lang='lat' dir='ltr'><strong>res</strong></span> <span class='ocrx_word' id='word_1_362' title='bbox 245 3699 378 3760; x_wconf 84' lang='lat' dir='ltr'><strong>fraudem</strong></span> <span class='ocrx_word' id='word_1_363' title='bbox 398 3701 496 3772; x_wconf 87' lang='lat' dir='ltr'><strong>faciat,</strong></span> <span class='ocrx_word' id='word_1_364' title='bbox 521 3718 643 3779; x_wconf 84' lang='lat' dir='ltr'><strong>quaeque</strong></span> <span class='ocrx_word' id='word_1_365' title='bbox 666 3698 753 3779; x_wconf 81' lang='lat' dir='ltr'><strong>spodi</strong></span> <span class='ocrx_word' id='word_1_366' title='bbox 773 3710 850 3773; x_wconf 86' lang='lat' dir='ltr'><strong>sunt,</strong></span> <span class='ocrx_word' id='word_1_367' title='bbox 872 3700 901 3757; x_wconf 92' lang='lat' dir='ltr'><strong>in</strong></span> <span class='ocrx_word' id='word_1_368' title='bbox 925 3698 1137 3777; x_wconf 85' lang='lat' dir='ltr'><strong>antistrophica</strong></span> <span class='ocrx_word' id='word_1_369' title='bbox 1161 3709 1299 3780; x_wconf 79' lang='lat' dir='ltr'><strong>cogantur·</strong></span> 
     </span>
     <span class='ocr_line' id='line_1_41' title="bbox 181 3775 1298 3861; baseline -0.004 -22"><span class='ocrx_word' id='word_1_370' title='bbox 181 3781 218 3839; x_wconf 93' lang='lat' dir='ltr'><strong>Id</strong></span> <span class='ocrx_word' id='word_1_371' title='bbox 232 3782 311 3861; x_wconf 91' lang='lat' dir='ltr'><strong>quod</strong></span> <span class='ocrx_word' id='word_1_372' title='bbox 324 3794 354 3841; x_wconf 91' lang='lat' dir='ltr'><strong>et</strong></span> <span class='ocrx_word' id='word_1_373' title='bbox 368 3783 438 3839; x_wconf 88' lang='lat' dir='ltr'><strong>mihi</strong></span> <span class='ocrx_word' id='word_1_374' title='bbox 452 3793 482 3842; x_wconf 87' lang='lat' dir='ltr'><strong>et</strong></span> <span class='ocrx_word' id='word_1_375' title='bbox 495 3781 559 3840; x_wconf 88' lang='lat' dir='ltr'><strong>aliis</strong></span> <span class='ocrx_word' id='word_1_376' title='bbox 573 3781 712 3842; x_wconf 86' lang='lat' dir='ltr'><strong>accidisse</strong></span> <span class='ocrx_word' id='word_1_377' title='bbox 726 3780 852 3840; x_wconf 89' lang='lat' dir='ltr'><strong>memini.</strong></span> <span class='ocrx_word' id='word_1_378' title='bbox 870 3819 872 3824; x_wconf 68' lang='lat'><strong>,</strong></span> <span class='ocrx_word' id='word_1_379' title='bbox 887 3782 1041 3860; x_wconf 81' lang='lat' dir='ltr'><strong>Tantaque</strong></span> <span class='ocrx_word' id='word_1_380' title='bbox 1051 3781 1210 3859; x_wconf 78' lang='lat' dir='ltr'><strong>proclivior</strong></span> <span class='ocrx_word' id='word_1_381' title='bbox 1219 3775 1298 3839; x_wconf 86' lang='lat' dir='ltr'><strong>viaad</strong></span> 
     </span>
     <span class='ocr_line' id='line_1_42' title="bbox 181 3857 1295 3942; baseline 0.004 -22"><span class='ocrx_word' id='word_1_382' title='bbox 181 3880 308 3923; x_wconf 81' lang='lat' dir='ltr'><strong>emerem</strong></span> <span class='ocrx_word' id='word_1_383' title='bbox 324 3874 378 3935; x_wconf 87' lang='lat' dir='ltr'><strong>est,</strong></span> <span class='ocrx_word' id='word_1_384' title='bbox 395 3864 473 3942; x_wconf 91' lang='lat' dir='ltr'><strong>quod</strong></span> <span class='ocrx_word' id='word_1_385' title='bbox 487 3862 595 3941; x_wconf 90' lang='lat' dir='ltr'><strong>ubique</strong></span> <span class='ocrx_word' id='word_1_386' title='bbox 609 3864 688 3941; x_wconf 84' lang='lat' dir='ltr'><strong>prius</strong></span> <span class='ocrx_word' id='word_1_387' title='bbox 703 3864 740 3922; x_wconf 90' lang='lat' dir='ltr'><strong>de</strong></span> <span class='ocrx_word' id='word_1_388' title='bbox 753 3863 979 3942; x_wconf 85' lang='lat' dir='ltr'><strong>antistrophicis,</strong></span> <span class='ocrx_word' id='word_1_389' title='bbox 1002 3881 1090 3942; x_wconf 89' lang='lat' dir='ltr'><strong>quam</strong></span> <span class='ocrx_word' id='word_1_390' title='bbox 1104 3861 1143 3922; x_wconf 90' lang='lat' dir='ltr'><strong>de</strong></span> <span class='ocrx_word' id='word_1_391' title='bbox 1157 3862 1249 3942; x_wconf 84' lang='lat' dir='ltr'><strong>epodo</strong></span> <span class='ocrx_word' id='word_1_392' title='bbox 1260 3857 1295 3916; x_wconf 74' lang='lat' dir='ltr'><strong>vel</strong></span> 
     </span>
     <span class='ocr_line' id='line_1_43' title="bbox 182 3940 1295 4025; baseline 0.004 -24"><span class='ocrx_word' id='word_1_393' title='bbox 182 3942 239 4001; x_wconf 88' lang='lat' dir='ltr'><strong>alio</strong></span> <span class='ocrx_word' id='word_1_394' title='bbox 253 3945 447 4024; x_wconf 87' lang='lat' dir='ltr'><strong>responsionis</strong></span> <span class='ocrx_word' id='word_1_395' title='bbox 461 3945 576 4024; x_wconf 85' lang='lat' dir='ltr'><strong>experti</strong></span> <span class='ocrx_word' id='word_1_396' title='bbox 590 3945 717 4004; x_wconf 87' lang='lat' dir='ltr'><strong>carmine</strong></span> <span class='ocrx_word' id='word_1_397' title='bbox 738 3944 926 4023; x_wconf 79' lang='lat' dir='ltr'><strong>cogitandum</strong></span> <span class='ocrx_word' id='word_1_398' title='bbox 946 3955 1001 4005; x_wconf 84' lang='lat' dir='ltr'><strong>est.</strong></span> <span class='ocrx_word' id='word_1_399' title='bbox 1042 3943 1191 4025; x_wconf 84' lang='lat' dir='ltr'><strong>Exempla</strong></span> <span class='ocrx_word' id='word_1_400' title='bbox 1203 3940 1295 4023; x_wconf 79' lang='lat' dir='ltr'><strong>epodo·</strong></span> 
     </span>
     <span class='ocr_line' id='line_1_44' title="bbox 182 4020 1294 4106; baseline 0.001 -26"><span class='ocrx_word' id='word_1_401' title='bbox 182 4043 256 4096; x_wconf 88' lang='lat' dir='ltr'><strong>rum,</strong></span> <span class='ocrx_word' id='word_1_402' title='bbox 272 4045 342 4102; x_wconf 86' lang='lat' dir='ltr'><strong>quas</strong></span> <span class='ocrx_word' id='word_1_403' title='bbox 355 4027 441 4086; x_wconf 87' lang='lat' dir='ltr'><strong>facile</strong></span> <span class='ocrx_word' id='word_1_404' title='bbox 456 4026 520 4105; x_wconf 87' lang='lat' dir='ltr'><strong>quis</strong></span> <span class='ocrx_word' id='word_1_405' title='bbox 534 4046 587 4105; x_wconf 89' lang='lat' dir='ltr'><strong>pro</strong></span> <span class='ocrx_word' id='word_1_406' title='bbox 601 4026 815 4105; x_wconf 87' lang='lat' dir='ltr'><strong>antistrophicis</strong></span> <span class='ocrx_word' id='word_1_407' title='bbox 828 4027 937 4086; x_wconf 83' lang='lat' dir='ltr'><strong>habere</strong></span> <span class='ocrx_word' id='word_1_408' title='bbox 951 4025 1050 4106; x_wconf 87' lang='lat' dir='ltr'><strong>possit,</strong></span> <span class='ocrx_word' id='word_1_409' title='bbox 1073 4025 1257 4086; x_wconf 84' lang='lat' dir='ltr'><strong>inveniuntur</strong></span> <span class='ocrx_word' id='word_1_410' title='bbox 1271 4020 1294 4077; x_wconf 83' lang='lat' dir='ltr'><strong>in</strong></span> 
     </span>
     <span class='ocr_line' id='line_1_45' title="bbox 183 4100 1294 4171; baseline 0.002 -9"><span class='ocrx_word' id='word_1_411' title='bbox 183 4104 359 4166; x_wconf 85' lang='lat' dir='ltr'><strong>Prometheo</strong></span> <span class='ocrx_word' id='word_1_412' title='bbox 374 4130 400 4167; x_wconf 88' lang='lat' dir='ltr'><strong>v.</strong></span> <span class='ocrx_word' id='word_1_413' title='bbox 413 4112 483 4169; x_wconf 75' lang='lat'><strong>425.</strong></span> <span class='ocrx_word' id='word_1_414' title='bbox 497 4128 525 4167; x_wconf 86' lang='lat' dir='ltr'><strong>v.</strong></span> <span class='ocrx_word' id='word_1_415' title='bbox 540 4112 609 4169; x_wconf 88' lang='grc'><strong>900.</strong></span> <span class='ocrx_word' id='word_1_416' title='bbox 621 4108 652 4165; x_wconf 92' lang='lat' dir='ltr'><strong>in</strong></span> <span class='ocrx_word' id='word_1_417' title='bbox 668 4109 797 4167; x_wconf 85' lang='lat' dir='ltr'><strong>Persisv.</strong></span> <span class='ocrx_word' id='word_1_418' title='bbox 812 4113 861 4171; x_wconf 94' lang='grc'><strong>93.</strong></span> <span class='ocrx_word' id='word_1_419' title='bbox 875 4108 906 4166; x_wconf 89' lang='lat' dir='ltr'><strong>in</strong></span> <span class='ocrx_word' id='word_1_420' title='bbox 921 4108 1048 4167; x_wconf 85' lang='lat' dir='ltr'><strong>Hecuba</strong></span> <span class='ocrx_word' id='word_1_421' title='bbox 1061 4126 1090 4166; x_wconf 84' lang='lat' dir='ltr'><strong>r.</strong></span> <span class='ocrx_word' id='word_1_422' title='bbox 1104 4112 1178 4169; x_wconf 88' lang='grc'><strong>943.</strong></span> <span class='ocrx_word' id='word_1_423' title='bbox 1190 4118 1221 4167; x_wconf 88' lang='lat' dir='ltr'><strong>et</strong></span> <span class='ocrx_word' id='word_1_424' title='bbox 1231 4100 1294 4164; x_wconf 70' lang='lat' dir='ltr'><strong>alibi·</strong></span> 
     </span>
     <span class='ocr_line' id='line_1_46' title="bbox 183 4187 1293 4269; baseline -0.003 -23"><span class='ocrx_word' id='word_1_425' title='bbox 183 4187 304 4256; x_wconf 88' lang='lat' dir='ltr'><strong>Contra,</strong></span> <span class='ocrx_word' id='word_1_426' title='bbox 319 4189 380 4248; x_wconf 87' lang='lat' dir='ltr'><strong>aliis</strong></span> <span class='ocrx_word' id='word_1_427' title='bbox 399 4193 429 4248; x_wconf 87' lang='lat' dir='ltr'><strong>in</strong></span> <span class='ocrx_word' id='word_1_428' title='bbox 443 4188 514 4248; x_wconf 89' lang='lat' dir='ltr'><strong>locis</strong></span> <span class='ocrx_word' id='word_1_429' title='bbox 528 4208 593 4266; x_wconf 85' lang='lat' dir='ltr'><strong>quae</strong></span> <span class='ocrx_word' id='word_1_430' title='bbox 606 4189 695 4267; x_wconf 79' lang='lat' dir='ltr'><strong>vulgo</strong></span> <span class='ocrx_word' id='word_1_431' title='bbox 710 4190 796 4268; x_wconf 90' lang='lat' dir='ltr'><strong>epodi</strong></span> <span class='ocrx_word' id='word_1_432' title='bbox 809 4191 996 4269; x_wconf 86' lang='lat' dir='ltr'><strong>putabantur,</strong></span> <span class='ocrx_word' id='word_1_433' title='bbox 1011 4189 1036 4248; x_wconf 90' lang='lat' dir='ltr'><strong>si</strong></span> <span class='ocrx_word' id='word_1_434' title='bbox 1049 4207 1111 4247; x_wconf 90' lang='lat' dir='ltr'><strong>non</strong></span> <span class='ocrx_word' id='word_1_435' title='bbox 1125 4201 1212 4260; x_wconf 88' lang='lat' dir='ltr'><strong>totas,</strong></span> <span class='ocrx_word' id='word_1_436' title='bbox 1225 4197 1253 4246; x_wconf 91' lang='lat' dir='ltr'><strong>at</strong></span> <span class='ocrx_word' id='word_1_437' title='bbox 1263 4200 1293 4242; x_wconf 80' lang='lat' dir='ltr'><strong>es</strong></span> 
     </span>
     <span class='ocr_line' id='line_1_47' title="bbox 182 4268 1293 4350; baseline 0 -23"><span class='ocrx_word' id='word_1_438' title='bbox 182 4279 265 4347; x_wconf 87' lang='lat' dir='ltr'><strong>parte</strong></span> <span class='ocrx_word' id='word_1_439' title='bbox 278 4268 380 4330; x_wconf 88' lang='lat' dir='ltr'><strong>saltem</strong></span> <span class='ocrx_word' id='word_1_440' title='bbox 394 4270 616 4350; x_wconf 86' lang='lat' dir='ltr'><strong>antistrophicas</strong></span> <span class='ocrx_word' id='word_1_441' title='bbox 630 4289 694 4330; x_wconf 86' lang='lat' dir='ltr'><strong>esse</strong></span> <span class='ocrx_word' id='word_1_442' title='bbox 708 4291 767 4330; x_wconf 90' lang='lat' dir='ltr'><strong>non</strong></span> <span class='ocrx_word' id='word_1_443' title='bbox 781 4271 902 4331; x_wconf 90' lang='lat' dir='ltr'><strong>dubium</strong></span> <span class='ocrx_word' id='word_1_444' title='bbox 922 4271 1048 4341; x_wconf 87' lang='lat' dir='ltr'><strong>videtur,</strong></span> <span class='ocrx_word' id='word_1_445' title='bbox 1062 4271 1143 4330; x_wconf 90' lang='lat' dir='ltr'><strong>utin</strong></span> <span class='ocrx_word' id='word_1_446' title='bbox 1157 4273 1257 4331; x_wconf 81' lang='lat' dir='ltr'><strong>Oreste</strong></span> <span class='ocrx_word' id='word_1_447' title='bbox 1272 4282 1293 4321; x_wconf 78' lang='lat' dir='ltr'><strong>t·</strong></span> 
     </span>
     <span class='ocr_line' id='line_1_48' title="bbox 184 4344 1294 4435; baseline -0.002 -24"><span class='ocrx_word' id='word_1_448' title='bbox 184 4353 252 4412; x_wconf 77' lang='grc'><strong>833.</strong></span> <span class='ocrx_word' id='word_1_449' title='bbox 260 4349 297 4412; x_wconf 90' lang='lat' dir='ltr'><strong>de</strong></span> <span class='ocrx_word' id='word_1_450' title='bbox 307 4370 367 4431; x_wconf 90' lang='lat' dir='ltr'><strong>quo</strong></span> <span class='ocrx_word' id='word_1_451' title='bbox 376 4353 443 4414; x_wconf 88' lang='lat' dir='ltr'><strong>loco</strong></span> <span class='ocrx_word' id='word_1_452' title='bbox 453 4352 516 4413; x_wconf 78' lang='lat' dir='ltr'><strong>dixi</strong></span> <span class='ocrx_word' id='word_1_453' title='bbox 528 4370 616 4433; x_wconf 89' lang='lat' dir='ltr'><strong>supra</strong></span> <span class='ocrx_word' id='word_1_454' title='bbox 623 4370 688 4435; x_wconf 84' lang='lat' dir='ltr'><strong>cap.</strong></span> <span class='ocrx_word' id='word_1_455' title='bbox 698 4357 727 4430; x_wconf 89' lang='grc'><strong>3,</strong></span> <span class='ocrx_word' id='word_1_456' title='bbox 741 4358 787 4418; x_wconf 88' lang='grc'><strong>16.</strong></span> <span class='ocrx_word' id='word_1_457' title='bbox 796 4374 826 4434; x_wconf 88' lang='lat' dir='ltr'><strong>p.</strong></span> <span class='ocrx_word' id='word_1_458' title='bbox 835 4358 906 4418; x_wconf 86' lang='grc'><strong>348.</strong></span> <span class='ocrx_word' id='word_1_459' title='bbox 917 4364 947 4415; x_wconf 89' lang='lat' dir='ltr'><strong>et</strong></span> <span class='ocrx_word' id='word_1_460' title='bbox 957 4353 987 4414; x_wconf 93' lang='lat' dir='ltr'><strong>in</strong></span> <span class='ocrx_word' id='word_1_461' title='bbox 998 4351 1155 4433; x_wconf 83' lang='lat' dir='ltr'><strong>Iphigenia</strong></span> <span class='ocrx_word' id='word_1_462' title='bbox 1162 4353 1193 4413; x_wconf 91' lang='lat' dir='ltr'><strong>in</strong></span> <span class='ocrx_word' id='word_1_463' title='bbox 1203 4344 1294 4413; x_wconf 76' lang='lat' dir='ltr'><strong>subtr</strong></span> 
     </span>
    </p>
   </div>
   <div class='ocr_carea' id='block_1_9' title="bbox 534 4514 544 4547">
    <p class='ocr_par' dir='ltr' id='par_1_10' title="bbox 534 4514 544 4547">
     <span class='ocr_line' id='line_1_49' title="bbox 534 4514 544 4547; baseline 0 0"><span class='ocrx_word' id='word_1_464' title='bbox 534 4514 544 4547; x_wconf 70' lang='lat' dir='ltr'><strong>i</strong></span> 
     </span>
    </p>
   </div>
   <div class='ocr_carea' id='block_1_10' title="bbox 0 0 1352 4866">
    <p class='ocr_par' dir='ltr' id='par_1_11' title="bbox 0 0 1352 4866">
     <span class='ocr_line' id='line_1_50' title="bbox 0 0 1352 4866; baseline 0 0"><span class='ocrx_word' id='word_1_465' title='bbox 0 0 1352 4866; x_wconf 95' lang='lat' dir='ltr'><strong> </strong></span> 
     </span>
    </p>
   </div>
  </div>
 </body>
</html>
