<?xml version="1.0" encoding="UTF-8"?>
<!DOCTYPE html PUBLIC "-//W3C//DTD XHTML 1.0 Transitional//EN"
    "http://www.w3.org/TR/xhtml1/DTD/xhtml1-transitional.dtd">
<html xmlns="http://www.w3.org/1999/xhtml" xml:lang="en" lang="en">
 <head>
  <title>
</title>
<meta http-equiv="Content-Type" content="text/html;charset=utf-8" />
  <meta name='ocr-system' content='tesseract 3.04.00' />
  <meta name='ocr-capabilities' content='ocr_page ocr_carea ocr_par ocr_line ocrx_word'/>
</head>
<body>
  <div class='ocr_page' id='page_1' title='image "./elementadoctrin00hermgoog_0200.png"; bbox 0 0 2694 4866; ppageno 0'>
   <div class='ocr_carea' id='block_1_1' title="bbox 350 274 1209 347">
    <p class='ocr_par' dir='ltr' id='par_1_1' title="bbox 350 274 1209 347">
     <span class='ocr_line' id='line_1_1' title="bbox 350 274 1209 347; baseline 0.014 -13"><span class='ocrx_word' id='word_1_1' title='bbox 350 275 408 334; x_wconf 81' lang='lat' dir='ltr'><strong>Dli</strong></span> <span class='ocrx_word' id='word_1_2' title='bbox 430 274 634 340; x_wconf 80' lang='lat' dir='ltr'>VERSIBUS</span> <span class='ocrx_word' id='word_1_3' title='bbox 657 278 938 342; x_wconf 75' lang='lat' dir='ltr'><strong>DocHassAcIs.</strong></span> <span class='ocrx_word' id='word_1_4' title='bbox 1151 287 1209 347; x_wconf 93' lang='grc'><strong>165</strong></span> 
     </span>
    </p>
   </div>
   <div class='ocr_carea' id='block_1_2' title="bbox 181 477 601 644">
    <p class='ocr_par' dir='ltr' id='par_1_2' title="bbox 181 477 601 644">
     <span class='ocr_line' id='line_1_2' title="bbox 181 477 601 562; baseline 0.007 -25"><span class='ocrx_word' id='word_1_5' title='bbox 181 478 211 537; x_wconf 73' lang='lat' dir='ltr'><strong>id</strong></span> <span class='ocrx_word' id='word_1_6' title='bbox 223 477 387 560; x_wconf 63' lang='lat' dir='ltr'><strong>Mpdrdpov</strong></span> <span class='ocrx_word' id='word_1_7' title='bbox 401 481 505 562; x_wconf 59' lang='lat' dir='ltr'><strong>noireto</strong></span> <span class='ocrx_word' id='word_1_8' title='bbox 517 482 601 540; x_wconf 72' lang='lat' dir='ltr'><strong>rosis·</strong></span> 
     </span>
     <span class='ocr_line' id='line_1_3' title="bbox 183 560 582 644; baseline 0.008 -28"><span class='ocrx_word' id='word_1_9' title='bbox 183 560 212 616; x_wconf 71' lang='lat' dir='ltr'><strong>tl</strong></span> <span class='ocrx_word' id='word_1_10' title='bbox 224 560 366 641; x_wconf 69' lang='lat' dir='ltr'><strong>argis-agyos</strong></span> <span class='ocrx_word' id='word_1_11' title='bbox 375 563 462 621; x_wconf 62' lang='lat' dir='ltr'><strong>tvaim</strong></span> <span class='ocrx_word' id='word_1_12' title='bbox 477 563 582 644; x_wconf 67' lang='lat' dir='ltr'><strong>auspic.</strong></span> 
     </span>
    </p>
   </div>
   <div class='ocr_carea' id='block_1_3' title="bbox 99 685 1218 1099">
    <p class='ocr_par' dir='ltr' id='par_1_3' title="bbox 99 685 1217 1016">
     <span class='ocr_line' id='line_1_4' title="bbox 101 685 1217 773; baseline 0.007 -25"><span class='ocrx_word' id='word_1_13' title='bbox 101 688 216 749; x_wconf 86' lang='lat' dir='ltr'><strong>Eadem</strong></span> <span class='ocrx_word' id='word_1_14' title='bbox 230 690 304 749; x_wconf 91' lang='lat' dir='ltr'><strong>ratio</strong></span> <span class='ocrx_word' id='word_1_15' title='bbox 317 685 431 751; x_wconf 88' lang='lat' dir='ltr'><strong>videtur</strong></span> <span class='ocrx_word' id='word_1_16' title='bbox 443 688 531 753; x_wconf 82' lang='lat' dir='ltr'><strong>fuisse</strong></span> <span class='ocrx_word' id='word_1_17' title='bbox 544 690 601 753; x_wconf 93' lang='lat' dir='ltr'><strong>loci</strong></span> <span class='ocrx_word' id='word_1_18' title='bbox 615 692 699 754; x_wconf 86' lang='lat' dir='ltr'><strong>valde</strong></span> <span class='ocrx_word' id='word_1_19' title='bbox 711 692 858 772; x_wconf 86' lang='lat' dir='ltr'><strong>depravati</strong></span> <span class='ocrx_word' id='word_1_20' title='bbox 871 693 900 752; x_wconf 89' lang='lat' dir='ltr'><strong>in</strong></span> <span class='ocrx_word' id='word_1_21' title='bbox 915 690 1048 773; x_wconf 73' lang='lat' dir='ltr'><strong>Chodph.</strong></span> <span class='ocrx_word' id='word_1_22' title='bbox 1064 695 1133 761; x_wconf 74' lang='grc'><strong>784.</strong></span> <span class='ocrx_word' id='word_1_23' title='bbox 1148 697 1217 760; x_wconf 87' lang='grc'><strong>795.</strong></span> 
     </span>
     <span class='ocr_line' id='line_1_5' title="bbox 101 769 1217 854; baseline 0.006 -25"><span class='ocrx_word' id='word_1_24' title='bbox 101 769 208 842; x_wconf 88' lang='lat' dir='ltr'><strong>lambi,</strong></span> <span class='ocrx_word' id='word_1_25' title='bbox 229 771 279 849; x_wconf 91' lang='lat' dir='ltr'><strong>qui</strong></span> <span class='ocrx_word' id='word_1_26' title='bbox 293 772 459 833; x_wconf 90' lang='lat' dir='ltr'><strong>dochmium</strong></span> <span class='ocrx_word' id='word_1_27' title='bbox 472 775 651 853; x_wconf 82' lang='lat' dir='ltr'><strong>praecedunt,</strong></span> <span class='ocrx_word' id='word_1_28' title='bbox 671 776 736 854; x_wconf 88' lang='lat' dir='ltr'><strong>puri</strong></span> <span class='ocrx_word' id='word_1_29' title='bbox 750 794 828 835; x_wconf 84' lang='lat' dir='ltr'><strong>assae</strong></span> <span class='ocrx_word' id='word_1_30' title='bbox 840 777 944 836; x_wconf 84' lang='lat' dir='ltr'><strong>solent.</strong></span> <span class='ocrx_word' id='word_1_31' title='bbox 985 776 1053 835; x_wconf 84' lang='lat' dir='ltr'><strong>Non</strong></span> <span class='ocrx_word' id='word_1_32' title='bbox 1067 776 1144 836; x_wconf 82' lang='lat' dir='ltr'><strong>eninr</strong></span> <span class='ocrx_word' id='word_1_33' title='bbox 1158 778 1217 836; x_wconf 91' lang='lat' dir='ltr'><strong>huc</strong></span> 
     </span>
     <span class='ocr_line' id='line_1_6' title="bbox 100 851 1217 937; baseline 0.004 -26"><span class='ocrx_word' id='word_1_34' title='bbox 100 851 261 932; x_wconf 86' lang='lat' dir='ltr'><strong>pertinent,</strong></span> <span class='ocrx_word' id='word_1_35' title='bbox 275 873 340 932; x_wconf 87' lang='lat' dir='ltr'><strong>quae</strong></span> <span class='ocrx_word' id='word_1_36' title='bbox 356 854 501 914; x_wconf 86' lang='lat' dir='ltr'><strong>Seidlerus</strong></span> <span class='ocrx_word' id='word_1_37' title='bbox 515 857 597 916; x_wconf 86' lang='lat' dir='ltr'><strong>affert</strong></span> <span class='ocrx_word' id='word_1_38' title='bbox 610 877 648 916; x_wconf 89' lang='lat' dir='ltr'><strong>ex</strong></span> <span class='ocrx_word' id='word_1_39' title='bbox 662 856 794 935; x_wconf 79' lang='lat' dir='ltr'><strong>AEsch5li</strong></span> <span class='ocrx_word' id='word_1_40' title='bbox 808 857 891 937; x_wconf 84' lang='lat' dir='ltr'><strong>Sept.</strong></span> <span class='ocrx_word' id='word_1_41' title='bbox 904 856 941 917; x_wconf 89' lang='lat' dir='ltr'><strong>ad</strong></span> <span class='ocrx_word' id='word_1_42' title='bbox 955 856 1050 919; x_wconf 84' lang='lat' dir='ltr'><strong>Theb.</strong></span> <span class='ocrx_word' id='word_1_43' title='bbox 1066 861 1133 919; x_wconf 86' lang='grc'><strong>158.</strong></span> <span class='ocrx_word' id='word_1_44' title='bbox 1150 860 1217 922; x_wconf 77' lang='lat'><strong>16⁷.</strong></span> 
     </span>
     <span class='ocr_line' id='line_1_7' title="bbox 99 933 1036 1016; baseline 0.013 -23"><span class='ocrx_word' id='word_1_45' title='bbox 99 945 186 993; x_wconf 87' lang='lat' dir='ltr'><strong>etex</strong></span> <span class='ocrx_word' id='word_1_46' title='bbox 202 933 302 1014; x_wconf 88' lang='lat' dir='ltr'><strong>Eurip.</strong></span> <span class='ocrx_word' id='word_1_47' title='bbox 313 935 409 1016; x_wconf 87' lang='lat' dir='ltr'><strong>lphig.</strong></span> <span class='ocrx_word' id='word_1_48' title='bbox 422 937 493 997; x_wconf 82' lang='lat' dir='ltr'><strong>Aul.</strong></span> <span class='ocrx_word' id='word_1_49' title='bbox 510 943 596 1007; x_wconf 82' lang='lat'><strong>1488.</strong></span> <span class='ocrx_word' id='word_1_50' title='bbox 740 998 743 1003; x_wconf 82' lang='lat'><strong>.</strong></span> <span class='ocrx_word' id='word_1_51' title='bbox 1032 1005 1036 1012; x_wconf 85' lang='grc'><strong><em>,</em></strong></span> 
     </span>
    </p>

    <p class='ocr_par' dir='ltr' id='par_1_4' title="bbox 141 1015 1218 1099">
     <span class='ocr_line' id='line_1_8' title="bbox 141 1015 1218 1099; baseline 0.004 -24"><span class='ocrx_word' id='word_1_52' title='bbox 141 1019 192 1075; x_wconf 86' lang='grc'><strong>99.</strong></span> <span class='ocrx_word' id='word_1_53' title='bbox 215 1015 446 1084; x_wconf 66' lang='grc' dir='ltr'><strong>Οἰωειεηειίαω</strong></span> <span class='ocrx_word' id='word_1_54' title='bbox 466 1018 606 1089; x_wconf 83' lang='lat' dir='ltr'><strong>iambicus</strong></span> <span class='ocrx_word' id='word_1_55' title='bbox 624 1030 654 1079; x_wconf 89' lang='lat' dir='ltr'><strong>et</strong></span> <span class='ocrx_word' id='word_1_56' title='bbox 667 1017 797 1080; x_wconf 79' lang='lat' dir='ltr'>trimeter</span> <span class='ocrx_word' id='word_1_57' title='bbox 812 1017 1091 1099; x_wconf 88' lang='lat' dir='ltr'><strong>brachycatalectus,</strong></span> <span class='ocrx_word' id='word_1_58' title='bbox 1112 1018 1218 1097; x_wconf 89' lang='lat' dir='ltr'><strong>aliique</strong></span> 
     </span>
    </p>
   </div>
   <div class='ocr_carea' id='block_1_4' title="bbox 96 1095 1344 1181">
    <p class='ocr_par' dir='ltr' id='par_1_5' title="bbox 96 1095 1344 1181">
     <span class='ocr_line' id='line_1_9' title="bbox 96 1095 1344 1181; baseline 0.006 -27"><span class='ocrx_word' id='word_1_59' title='bbox 96 1095 248 1173; x_wconf 84' lang='lat' dir='ltr'><strong>longiores</strong></span> <span class='ocrx_word' id='word_1_60' title='bbox 271 1096 385 1158; x_wconf 84' lang='lat' dir='ltr'><strong>iambici</strong></span> <span class='ocrx_word' id='word_1_61' title='bbox 408 1098 531 1173; x_wconf 88' lang='lat' dir='ltr'><strong>numeri,</strong></span> <span class='ocrx_word' id='word_1_62' title='bbox 554 1100 623 1180; x_wconf 90' lang='lat' dir='ltr'><strong>quin</strong></span> <span class='ocrx_word' id='word_1_63' title='bbox 646 1100 733 1160; x_wconf 89' lang='lat' dir='ltr'><strong>etiam</strong></span> <span class='ocrx_word' id='word_1_64' title='bbox 756 1112 913 1181; x_wconf 77' lang='lat' dir='ltr'><strong>systemata</strong></span> <span class='ocrx_word' id='word_1_65' title='bbox 936 1096 1059 1161; x_wconf 81' lang='lat' dir='ltr'><strong>iambica</strong></span> <span class='ocrx_word' id='word_1_66' title='bbox 1078 1099 1220 1160; x_wconf 89' lang='lat' dir='ltr'><strong>dochmiis</strong></span> <span class='ocrx_word' id='word_1_67' title='bbox 1268 1118 1280 1149; x_wconf 64' lang='grc' dir='ltr'><em>τ</em></span> <span class='ocrx_word' id='word_1_68' title='bbox 1340 1152 1344 1161; x_wconf 77' lang='grc'>,</span> 
     </span>
    </p>
   </div>
   <div class='ocr_carea' id='block_1_5' title="bbox 96 1176 1218 1261">
    <p class='ocr_par' dir='ltr' id='par_1_6' title="bbox 96 1176 1218 1261">
     <span class='ocr_line' id='line_1_10' title="bbox 96 1176 1218 1261; baseline 0.02 -28"><span class='ocrx_word' id='word_1_69' title='bbox 96 1176 249 1255; x_wconf 74' lang='lat' dir='ltr'><strong>praemitti,</strong></span> <span class='ocrx_word' id='word_1_70' title='bbox 271 1178 416 1240; x_wconf 88' lang='lat' dir='ltr'><strong>Scidlerus</strong></span> <span class='ocrx_word' id='word_1_71' title='bbox 436 1181 565 1242; x_wconf 89' lang='lat' dir='ltr'><strong>ostendit</strong></span> <span class='ocrx_word' id='word_1_72' title='bbox 584 1203 612 1261; x_wconf 91' lang='lat' dir='ltr'><strong>p.</strong></span> <span class='ocrx_word' id='word_1_73' title='bbox 632 1187 698 1245; x_wconf 88' lang='grc'><strong>119.</strong></span> <span class='ocrx_word' id='word_1_74' title='bbox 712 1200 793 1261; x_wconf 86' lang='lat' dir='ltr'><strong>seqq.</strong></span> <span class='ocrx_word' id='word_1_75' title='bbox 833 1181 902 1242; x_wconf 84' lang='lat' dir='ltr'><strong>Non</strong></span> <span class='ocrx_word' id='word_1_76' title='bbox 915 1192 1013 1245; x_wconf 72' lang='lat' dir='ltr'><strong>tmen</strong></span> <span class='ocrx_word' id='word_1_77' title='bbox 1026 1181 1132 1253; x_wconf 55' lang='lat' dir='ltr'><strong>omni&amp;</strong></span> <span class='ocrx_word' id='word_1_78' title='bbox 1152 1201 1218 1261; x_wconf 61' lang='grc' dir='ltr'><strong>411ιθ</strong></span> 
     </span>
    </p>
   </div>
   <div class='ocr_carea' id='block_1_6' title="bbox 95 1257 1270 1343">
    <p class='ocr_par' dir='ltr' id='par_1_7' title="bbox 95 1257 1270 1343">
     <span class='ocr_line' id='line_1_11' title="bbox 95 1257 1270 1343; baseline 0.004 -28"><span class='ocrx_word' id='word_1_79' title='bbox 95 1257 149 1318; x_wconf 93' lang='lat' dir='ltr'><strong>hic</strong></span> <span class='ocrx_word' id='word_1_80' title='bbox 161 1259 270 1330; x_wconf 85' lang='lat' dir='ltr'><strong>attulit,</strong></span> <span class='ocrx_word' id='word_1_81' title='bbox 287 1262 421 1340; x_wconf 84' lang='lat' dir='ltr'><strong>exempla</strong></span> <span class='ocrx_word' id='word_1_82' title='bbox 433 1264 576 1342; x_wconf 86' lang='lat' dir='ltr'><strong>ejusmodi</strong></span> <span class='ocrx_word' id='word_1_83' title='bbox 588 1276 665 1335; x_wconf 87' lang='lat' dir='ltr'><strong>sunt,</strong></span> <span class='ocrx_word' id='word_1_84' title='bbox 680 1274 712 1324; x_wconf 90' lang='lat' dir='ltr'><strong>ut</strong></span> <span class='ocrx_word' id='word_1_85' title='bbox 725 1280 785 1325; x_wconf 85' lang='lat' dir='ltr'><strong>uno</strong></span> <span class='ocrx_word' id='word_1_86' title='bbox 797 1282 883 1323; x_wconf 83' lang='lat' dir='ltr'><strong>versu</strong></span> <span class='ocrx_word' id='word_1_87' title='bbox 894 1263 983 1322; x_wconf 88' lang='lat' dir='ltr'><strong>iambi</strong></span> <span class='ocrx_word' id='word_1_88' title='bbox 996 1276 1063 1322; x_wconf 87' lang='lat' dir='ltr'><strong>cum</strong></span> <span class='ocrx_word' id='word_1_89' title='bbox 1077 1263 1217 1331; x_wconf 88' lang='lat' dir='ltr'><strong>dochmiis</strong></span> <span class='ocrx_word' id='word_1_90' title='bbox 1264 1330 1270 1343; x_wconf 35' lang='grc'>1</span> 
     </span>
    </p>
   </div>
   <div class='ocr_carea' id='block_1_7' title="bbox 94 1339 1219 1815">
    <p class='ocr_par' dir='ltr' id='par_1_8' title="bbox 95 1339 1217 1580">
     <span class='ocr_line' id='line_1_12' title="bbox 95 1339 1217 1426; baseline 0.001 -25"><span class='ocrx_word' id='word_1_91' title='bbox 95 1339 276 1401; x_wconf 78' lang='lat' dir='ltr'><strong>cohaeremt.</strong></span> <span class='ocrx_word' id='word_1_92' title='bbox 302 1343 435 1403; x_wconf 67' lang='lat' dir='ltr'><strong>sedum</strong></span> <span class='ocrx_word' id='word_1_93' title='bbox 444 1345 536 1424; x_wconf 79' lang='lat' dir='ltr'><strong>quivis</strong></span> <span class='ocrx_word' id='word_1_94' title='bbox 548 1346 610 1424; x_wconf 86' lang='lat' dir='ltr'><strong>ipsc</strong></span> <span class='ocrx_word' id='word_1_95' title='bbox 620 1344 778 1426; x_wconf 87' lang='lat' dir='ltr'><strong>dijudicare</strong></span> <span class='ocrx_word' id='word_1_96' title='bbox 788 1344 904 1424; x_wconf 89' lang='lat' dir='ltr'><strong>poterit.</strong></span> <span class='ocrx_word' id='word_1_97' title='bbox 931 1343 1217 1404; x_wconf 85' lang='lat' dir='ltr'><strong>illudveromonerc</strong></span> 
     </span>
     <span class='ocr_line' id='line_1_13' title="bbox 96 1422 1216 1505; baseline 0.004 -26"><span class='ocrx_word' id='word_1_98' title='bbox 96 1440 199 1500; x_wconf 81' lang='lat' dir='ltr'><strong>operae</strong></span> <span class='ocrx_word' id='word_1_99' title='bbox 217 1422 342 1500; x_wconf 86' lang='lat' dir='ltr'><strong>pretium</strong></span> <span class='ocrx_word' id='word_1_100' title='bbox 356 1423 443 1500; x_wconf 86' lang='lat' dir='ltr'><strong>duco,</strong></span> <span class='ocrx_word' id='word_1_101' title='bbox 463 1426 571 1501; x_wconf 90' lang='lat' dir='ltr'><strong>locum,</strong></span> <span class='ocrx_word' id='word_1_102' title='bbox 592 1446 679 1505; x_wconf 88' lang='lat' dir='ltr'><strong>quem</strong></span> <span class='ocrx_word' id='word_1_103' title='bbox 693 1426 742 1487; x_wconf 87' lang='lat' dir='ltr'><strong>illc</strong></span> <span class='ocrx_word' id='word_1_104' title='bbox 762 1447 801 1487; x_wconf 85' lang='lat' dir='ltr'><strong>ex</strong></span> <span class='ocrx_word' id='word_1_105' title='bbox 820 1426 926 1487; x_wconf 88' lang='lat' dir='ltr'><strong>Oreste</strong></span> <span class='ocrx_word' id='word_1_106' title='bbox 943 1428 1010 1487; x_wconf 83' lang='lat'><strong>182.</strong></span> <span class='ocrx_word' id='word_1_107' title='bbox 1023 1429 1094 1488; x_wconf 87' lang='grc'><strong>905.</strong></span> <span class='ocrx_word' id='word_1_108' title='bbox 1108 1424 1216 1498; x_wconf 86' lang='lat' dir='ltr'><strong>attulit,</strong></span> 
     </span>
     <span class='ocr_line' id='line_1_14' title="bbox 95 1501 415 1580; baseline 0.006 -18"><span class='ocrx_word' id='word_1_109' title='bbox 95 1501 173 1563; x_wconf 88' lang='lat' dir='ltr'><strong>alius</strong></span> <span class='ocrx_word' id='word_1_110' title='bbox 186 1502 302 1580; x_wconf 84' lang='lat' dir='ltr'><strong>generis</strong></span> <span class='ocrx_word' id='word_1_111' title='bbox 314 1505 415 1565; x_wconf 88' lang='lat' dir='ltr'><strong>videri.</strong></span> 
     </span>
    </p>

    <p class='ocr_par' dir='ltr' id='par_1_9' title="bbox 94 1584 1219 1815">
     <span class='ocr_line' id='line_1_15' title="bbox 139 1584 1217 1663; baseline 0 -20"><span class='ocrx_word' id='word_1_112' title='bbox 139 1587 193 1644; x_wconf 83' lang='lat'><strong>23.</strong></span> <span class='ocrx_word' id='word_1_113' title='bbox 214 1584 349 1663; x_wconf 90' lang='lat' dir='ltr'><strong>Denique</strong></span> <span class='ocrx_word' id='word_1_114' title='bbox 371 1587 458 1646; x_wconf 89' lang='lat' dir='ltr'><strong>ctiam</strong></span> <span class='ocrx_word' id='word_1_115' title='bbox 479 1589 620 1648; x_wconf 83' lang='lat' dir='ltr'><strong>trochaici</strong></span> <span class='ocrx_word' id='word_1_116' title='bbox 640 1607 739 1649; x_wconf 88' lang='lat' dir='ltr'><strong>versus</strong></span> <span class='ocrx_word' id='word_1_117' title='bbox 762 1588 793 1647; x_wconf 93' lang='lat' dir='ltr'><strong>in</strong></span> <span class='ocrx_word' id='word_1_118' title='bbox 816 1589 892 1649; x_wconf 83' lang='lat' dir='ltr'><strong>arsin</strong></span> <span class='ocrx_word' id='word_1_119' title='bbox 914 1599 1056 1648; x_wconf 86' lang='lat' dir='ltr'><strong>exeuntes</strong></span> <span class='ocrx_word' id='word_1_120' title='bbox 1076 1584 1217 1645; x_wconf 88' lang='lat' dir='ltr'><strong>dochmiis</strong></span> 
     </span>
     <span class='ocr_line' id='line_1_16' title="bbox 96 1665 1219 1749; baseline 0.006 -28"><span class='ocrx_word' id='word_1_121' title='bbox 96 1665 334 1749; x_wconf 75' lang='lat' dir='ltr'><strong>praemittuntur:</strong></span> <span class='ocrx_word' id='word_1_122' title='bbox 355 1669 434 1746; x_wconf 89' lang='lat' dir='ltr'><strong>quod</strong></span> <span class='ocrx_word' id='word_1_123' title='bbox 450 1681 548 1729; x_wconf 88' lang='lat' dir='ltr'><strong>tamen</strong></span> <span class='ocrx_word' id='word_1_124' title='bbox 566 1670 656 1730; x_wconf 90' lang='lat' dir='ltr'><strong>rarius</strong></span> <span class='ocrx_word' id='word_1_125' title='bbox 672 1670 782 1730; x_wconf 84' lang='lat' dir='ltr'><strong>factum</strong></span> <span class='ocrx_word' id='word_1_126' title='bbox 801 1680 855 1731; x_wconf 87' lang='lat' dir='ltr'><strong>cst.</strong></span> <span class='ocrx_word' id='word_1_127' title='bbox 895 1669 1049 1748; x_wconf 87' lang='lat' dir='ltr'><strong>Euripides</strong></span> <span class='ocrx_word' id='word_1_128' title='bbox 1063 1669 1093 1726; x_wconf 87' lang='lat' dir='ltr'><strong>in</strong></span> <span class='ocrx_word' id='word_1_129' title='bbox 1112 1667 1219 1728; x_wconf 87' lang='lat' dir='ltr'><strong>Oreste</strong></span> 
     </span>
     <span class='ocr_line' id='line_1_17' title="bbox 94 1752 1062 1815; baseline 0.001 -7"><span class='ocrx_word' id='word_1_130' title='bbox 94 1752 208 1815; x_wconf 82' lang='lat' dir='ltr'><strong>v.140.</strong></span> <span class='ocrx_word' id='word_1_131' title='bbox 225 1753 291 1807; x_wconf 88' lang='grc'><strong>153.</strong></span> <span class='ocrx_word' id='word_1_132' title='bbox 1058 1770 1062 1775; x_wconf 92' lang='grc'><em>·</em></span> 
     </span>
    </p>
   </div>
   <div class='ocr_carea' id='block_1_8' title="bbox 177 1866 656 2023">
    <p class='ocr_par' dir='ltr' id='par_1_10' title="bbox 177 1866 656 2023">
     <span class='ocr_line' id='line_1_18' title="bbox 177 1866 650 1944; baseline 0.015 -23"><span class='ocrx_word' id='word_1_133' title='bbox 177 1869 253 1934; x_wconf 68' lang='grc' dir='ltr'><strong><em>σῖγα,</em></strong></span> <span class='ocrx_word' id='word_1_134' title='bbox 268 1870 332 1936; x_wconf 69' lang='grc' dir='ltr'><strong>σῖγα</strong></span> <span class='ocrx_word' id='word_1_135' title='bbox 344 1872 434 1927; x_wconf 66' lang='lat' dir='ltr'><strong>hassis</strong></span> <span class='ocrx_word' id='word_1_136' title='bbox 448 1866 516 1944; x_wconf 68' lang='grc' dir='ltr'><strong><em>ἴχνος</em></strong></span> <span class='ocrx_word' id='word_1_137' title='bbox 530 1874 546 1925; x_wconf 69' lang='grc' dir='ltr'><em>ὦ</em></span> <span class='ocrx_word' id='word_1_138' title='bbox 561 1867 650 1937; x_wconf 62' lang='lat' dir='ltr'><strong>(idam.</strong></span> 
     </span>
     <span class='ocr_line' id='line_1_19' title="bbox 180 1942 656 2023; baseline 0.008 -21"><span class='ocrx_word' id='word_1_139' title='bbox 180 1949 234 2010; x_wconf 63' lang='grc' dir='ltr'><strong>τοῖς</strong></span> <span class='ocrx_word' id='word_1_140' title='bbox 246 1942 308 2022; x_wconf 72' lang='grc' dir='ltr'><strong>ἰ’χει,</strong></span> <span class='ocrx_word' id='word_1_141' title='bbox 323 1946 401 2020; x_wconf 65' lang='grc' dir='ltr'><strong>λέγων</strong></span> <span class='ocrx_word' id='word_1_142' title='bbox 414 1945 530 2023; x_wconf 65' lang='grc' dir='ltr'><strong>μετάδος,</strong></span> <span class='ocrx_word' id='word_1_143' title='bbox 546 1977 564 2006; x_wconf 77' lang='lat' dir='ltr'><em>u</em></span> <span class='ocrx_word' id='word_1_144' title='bbox 579 1951 656 2022; x_wconf 67' lang='grc' dir='ltr'><strong>φίλαι.</strong></span> 
     </span>
    </p>
   </div>
   <div class='ocr_carea' id='block_1_9' title="bbox 94 2057 1216 2546">
    <p class='ocr_par' dir='ltr' id='par_1_11' title="bbox 94 2057 1216 2546">
     <span class='ocr_line' id='line_1_20' title="bbox 96 2057 1215 2140; baseline -0.007 -20"><span class='ocrx_word' id='word_1_145' title='bbox 96 2060 170 2120; x_wconf 86' lang='lat' dir='ltr'><strong>Alia</strong></span> <span class='ocrx_word' id='word_1_146' title='bbox 183 2059 315 2138; x_wconf 81' lang='lat' dir='ltr'><strong>quaedam</strong></span> <span class='ocrx_word' id='word_1_147' title='bbox 333 2060 398 2119; x_wconf 88' lang='lat' dir='ltr'><strong>vide</strong></span> <span class='ocrx_word' id='word_1_148' title='bbox 413 2060 490 2139; x_wconf 90' lang='lat' dir='ltr'><strong>apud</strong></span> <span class='ocrx_word' id='word_1_149' title='bbox 506 2062 666 2122; x_wconf 90' lang='lat' dir='ltr'><strong>Seidlerum</strong></span> <span class='ocrx_word' id='word_1_150' title='bbox 686 2082 715 2140; x_wconf 96' lang='lat' dir='ltr'><strong>p.</strong></span> <span class='ocrx_word' id='word_1_151' title='bbox 733 2066 798 2121; x_wconf 83' lang='lat'><strong>114.</strong></span> <span class='ocrx_word' id='word_1_152' title='bbox 813 2062 863 2140; x_wconf 92' lang='lat' dir='ltr'><strong>qui</strong></span> <span class='ocrx_word' id='word_1_153' title='bbox 876 2071 974 2120; x_wconf 72' lang='lat' dir='ltr'><strong>mmen</strong></span> <span class='ocrx_word' id='word_1_154' title='bbox 988 2078 1091 2119; x_wconf 87' lang='lat' dir='ltr'><strong>vereor</strong></span> <span class='ocrx_word' id='word_1_155' title='bbox 1106 2067 1138 2115; x_wconf 92' lang='lat' dir='ltr'><strong>ut</strong></span> <span class='ocrx_word' id='word_1_156' title='bbox 1153 2057 1215 2114; x_wconf 88' lang='lat' dir='ltr'><strong>He·</strong></span> 
     </span>
     <span class='ocr_line' id='line_1_21' title="bbox 94 2141 1178 2218; baseline -0.003 -16"><span class='ocrx_word' id='word_1_157' title='bbox 94 2143 183 2202; x_wconf 78' lang='lat' dir='ltr'><strong>cubae</strong></span> <span class='ocrx_word' id='word_1_158' title='bbox 198 2141 294 2199; x_wconf 90' lang='lat' dir='ltr'><strong>locum</strong></span> <span class='ocrx_word' id='word_1_159' title='bbox 307 2143 374 2218; x_wconf 88' lang='lat' dir='ltr'><strong>jure</strong></span> <span class='ocrx_word' id='word_1_160' title='bbox 384 2141 432 2201; x_wconf 93' lang='lat' dir='ltr'><strong>hic</strong></span> <span class='ocrx_word' id='word_1_161' title='bbox 447 2144 724 2214; x_wconf 78' lang='lat' dir='ltr'><strong>commemoraverit.</strong></span> <span class='ocrx_word' id='word_1_162' title='bbox 1173 2194 1178 2199; x_wconf 91' lang='lat'><strong>.</strong></span> 
     </span>
     <span class='ocr_line' id='line_1_22' title="bbox 137 2218 1216 2301; baseline -0.009 -19"><span class='ocrx_word' id='word_1_163' title='bbox 137 2225 188 2284; x_wconf 89' lang='grc'><strong>94.</strong></span> <span class='ocrx_word' id='word_1_164' title='bbox 213 2222 272 2281; x_wconf 88' lang='lat' dir='ltr'><strong>Sed</strong></span> <span class='ocrx_word' id='word_1_165' title='bbox 292 2223 535 2282; x_wconf 88' lang='lat' dir='ltr'><strong>commemorandi</strong></span> <span class='ocrx_word' id='word_1_166' title='bbox 552 2227 613 2301; x_wconf 90' lang='lat' dir='ltr'><strong>jam</strong></span> <span class='ocrx_word' id='word_1_167' title='bbox 629 2234 696 2282; x_wconf 88' lang='lat' dir='ltr'><strong>suut</strong></span> <span class='ocrx_word' id='word_1_168' title='bbox 716 2223 829 2282; x_wconf 88' lang='lat' dir='ltr'><strong>numeri</strong></span> <span class='ocrx_word' id='word_1_169' title='bbox 846 2221 997 2292; x_wconf 88' lang='lat' dir='ltr'><strong>trochaici,</strong></span> <span class='ocrx_word' id='word_1_170' title='bbox 1018 2218 1067 2299; x_wconf 90' lang='lat' dir='ltr'><strong>qui</strong></span> <span class='ocrx_word' id='word_1_171' title='bbox 1087 2219 1128 2276; x_wconf 90' lang='lat' dir='ltr'><strong>ita</strong></span> <span class='ocrx_word' id='word_1_172' title='bbox 1148 2230 1216 2274; x_wconf 88' lang='lat' dir='ltr'><strong>cum</strong></span> 
     </span>
     <span class='ocr_line' id='line_1_23' title="bbox 95 2298 1215 2381; baseline -0.009 -19"><span class='ocrx_word' id='word_1_173' title='bbox 95 2302 241 2363; x_wconf 88' lang='lat' dir='ltr'><strong>dochmiis</strong></span> <span class='ocrx_word' id='word_1_174' title='bbox 262 2304 410 2381; x_wconf 90' lang='lat' dir='ltr'><strong>conjuncti</strong></span> <span class='ocrx_word' id='word_1_175' title='bbox 430 2315 507 2376; x_wconf 87' lang='lat' dir='ltr'><strong>sunt,</strong></span> <span class='ocrx_word' id='word_1_176' title='bbox 529 2316 562 2364; x_wconf 93' lang='lat' dir='ltr'><strong>ut</strong></span> <span class='ocrx_word' id='word_1_177' title='bbox 574 2306 683 2364; x_wconf 83' lang='lat' dir='ltr'><strong>arsiam</strong></span> <span class='ocrx_word' id='word_1_178' title='bbox 704 2323 740 2364; x_wconf 90' lang='lat' dir='ltr'><strong>ac</strong></span> <span class='ocrx_word' id='word_1_179' title='bbox 758 2302 885 2363; x_wconf 87' lang='lat' dir='ltr'><strong>thesium</strong></span> <span class='ocrx_word' id='word_1_180' title='bbox 904 2300 1113 2362; x_wconf 81' lang='lat' dir='ltr'><strong>vicissitudines</strong></span> <span class='ocrx_word' id='word_1_181' title='bbox 1125 2298 1215 2356; x_wconf 91' lang='lat' dir='ltr'><strong>inter-</strong></span> 
     </span>
     <span class='ocr_line' id='line_1_24' title="bbox 94 2378 1215 2463; baseline -0.011 -18"><span class='ocrx_word' id='word_1_182' title='bbox 94 2384 253 2463; x_wconf 88' lang='lat' dir='ltr'><strong>pellentur,</strong></span> <span class='ocrx_word' id='word_1_183' title='bbox 278 2403 399 2443; x_wconf 89' lang='lat' dir='ltr'><strong>numero</strong></span> <span class='ocrx_word' id='word_1_184' title='bbox 419 2397 487 2445; x_wconf 88' lang='lat' dir='ltr'><strong>ante</strong></span> <span class='ocrx_word' id='word_1_185' title='bbox 511 2386 676 2445; x_wconf 93' lang='lat' dir='ltr'><strong>dochmium</strong></span> <span class='ocrx_word' id='word_1_186' title='bbox 701 2387 730 2444; x_wconf 82' lang='lat' dir='ltr'><strong>iil</strong></span> <span class='ocrx_word' id='word_1_187' title='bbox 751 2385 826 2445; x_wconf 89' lang='lat' dir='ltr'><strong>thesi</strong></span> <span class='ocrx_word' id='word_1_188' title='bbox 847 2380 939 2453; x_wconf 87' lang='lat' dir='ltr'><strong>finito,</strong></span> <span class='ocrx_word' id='word_1_189' title='bbox 960 2394 1026 2463; x_wconf 86' lang='lat' dir='ltr'><strong>post</strong></span> <span class='ocrx_word' id='word_1_190' title='bbox 1048 2378 1215 2441; x_wconf 85' lang='lat' dir='ltr'><strong>dochmium</strong></span> 
     </span>
     <span class='ocr_line' id='line_1_25' title="bbox 94 2461 1213 2546; baseline -0.009 -21"><span class='ocrx_word' id='word_1_191' title='bbox 94 2476 197 2525; x_wconf 87' lang='lat' dir='ltr'><strong>autem</strong></span> <span class='ocrx_word' id='word_1_192' title='bbox 231 2463 387 2543; x_wconf 81' lang='lat' dir='ltr'><strong>incipiente</strong></span> <span class='ocrx_word' id='word_1_193' title='bbox 410 2466 447 2525; x_wconf 89' lang='lat' dir='ltr'><strong>ab</strong></span> <span class='ocrx_word' id='word_1_194' title='bbox 476 2467 542 2526; x_wconf 84' lang='lat' dir='ltr'><strong>ursi.</strong></span> <span class='ocrx_word' id='word_1_195' title='bbox 583 2467 691 2527; x_wconf 89' lang='lat' dir='ltr'><strong>Prioris</strong></span> <span class='ocrx_word' id='word_1_196' title='bbox 716 2468 832 2546; x_wconf 75' lang='lat' dir='ltr'><strong>generis</strong></span> <span class='ocrx_word' id='word_1_197' title='bbox 858 2479 903 2526; x_wconf 87' lang='lat' dir='ltr'><strong>cat</strong></span> <span class='ocrx_word' id='word_1_198' title='bbox 923 2465 1045 2544; x_wconf 83' lang='lat' dir='ltr'><strong>simplex</strong></span> <span class='ocrx_word' id='word_1_199' title='bbox 1069 2461 1213 2523; x_wconf 74' lang='lat' dir='ltr'><strong>trocheus</strong></span> 
     </span>
    </p>
   </div>
   <div class='ocr_carea' id='block_1_10' title="bbox 94 2544 1343 2624">
    <p class='ocr_par' dir='ltr' id='par_1_12' title="bbox 94 2544 1343 2624">
     <span class='ocr_line' id='line_1_26' title="bbox 94 2544 1343 2624; baseline -0.001 -18"><span class='ocrx_word' id='word_1_200' title='bbox 94 2544 235 2606; x_wconf 83' lang='lat' dir='ltr'><strong>dochmio</strong></span> <span class='ocrx_word' id='word_1_201' title='bbox 247 2545 418 2624; x_wconf 76' lang='lat' dir='ltr'><strong>praemissus.</strong></span> <span class='ocrx_word' id='word_1_202' title='bbox 459 2548 529 2607; x_wconf 89' lang='lat' dir='ltr'><strong>Non</strong></span> <span class='ocrx_word' id='word_1_203' title='bbox 542 2549 621 2607; x_wconf 91' lang='lat' dir='ltr'><strong>omni</strong></span> <span class='ocrx_word' id='word_1_204' title='bbox 641 2548 823 2609; x_wconf 87' lang='lat' dir='ltr'><strong>dubitatione</strong></span> <span class='ocrx_word' id='word_1_205' title='bbox 835 2566 943 2609; x_wconf 82' lang='lat' dir='ltr'><strong>vacuus</strong></span> <span class='ocrx_word' id='word_1_206' title='bbox 963 2557 1008 2607; x_wconf 85' lang='lat' dir='ltr'><strong>est</strong></span> <span class='ocrx_word' id='word_1_207' title='bbox 1021 2547 1113 2614; x_wconf 88' lang='lat' dir='ltr'><strong>locus,</strong></span> <span class='ocrx_word' id='word_1_208' title='bbox 1127 2558 1213 2621; x_wconf 85' lang='lat' dir='ltr'><strong>quam</strong></span> <span class='ocrx_word' id='word_1_209' title='bbox 1337 2588 1343 2605; x_wconf 84' lang='grc'><strong>.</strong></span> 
     </span>
    </p>
   </div>
   <div class='ocr_carea' id='block_1_11' title="bbox 96 2623 894 2709">
    <p class='ocr_par' dir='ltr' id='par_1_13' title="bbox 96 2623 894 2709">
     <span class='ocr_line' id='line_1_27' title="bbox 96 2623 894 2709; baseline -0.001 -21"><span class='ocrx_word' id='word_1_210' title='bbox 96 2628 247 2688; x_wconf 87' lang='lat' dir='ltr'><strong>Seidlerus</strong></span> <span class='ocrx_word' id='word_1_211' title='bbox 260 2647 288 2705; x_wconf 92' lang='lat' dir='ltr'><strong>p.</strong></span> <span class='ocrx_word' id='word_1_212' title='bbox 306 2633 372 2689; x_wconf 92' lang='grc'><strong>141.</strong></span> <span class='ocrx_word' id='word_1_213' title='bbox 385 2628 478 2702; x_wconf 84' lang='lat' dir='ltr'><strong>affert,</strong></span> <span class='ocrx_word' id='word_1_214' title='bbox 494 2629 595 2709; x_wconf 91' lang='lat' dir='ltr'><strong>Eurip.</strong></span> <span class='ocrx_word' id='word_1_215' title='bbox 609 2623 688 2691; x_wconf 78' lang='lat' dir='ltr'><strong>Hcc.</strong></span> <span class='ocrx_word' id='word_1_216' title='bbox 704 2636 791 2692; x_wconf 89' lang='grc'><strong>1093.</strong></span> <span class='ocrx_word' id='word_1_217' title='bbox 807 2634 894 2692; x_wconf 85' lang='grc'><strong>1097.</strong></span> 
     </span>
    </p>
   </div>
   <div class='ocr_carea' id='block_1_12' title="bbox 174 2745 528 2906">
    <p class='ocr_par' dir='ltr' id='par_1_14' title="bbox 174 2745 528 2906">
     <span class='ocr_line' id='line_1_28' title="bbox 176 2745 528 2829; baseline 0.009 -24"><span class='ocrx_word' id='word_1_218' title='bbox 176 2745 211 2807; x_wconf 63' lang='grc' dir='ltr'><strong>ἴτ’</strong></span> <span class='ocrx_word' id='word_1_219' title='bbox 224 2745 270 2818; x_wconf 74' lang='lat' dir='ltr'><strong>i&#39;st,</strong></span> <span class='ocrx_word' id='word_1_220' title='bbox 283 2748 373 2824; x_wconf 61' lang='grc' dir='ltr'><strong>μέλιτι</strong></span> <span class='ocrx_word' id='word_1_221' title='bbox 387 2755 446 2829; x_wconf 64' lang='lat' dir='ltr'><strong>agis</strong></span> <span class='ocrx_word' id='word_1_222' title='bbox 458 2750 528 2817; x_wconf 67' lang='lat' dir='ltr'><strong>isis,</strong></span> 
     </span>
     <span class='ocr_line' id='line_1_29' title="bbox 174 2820 509 2906; baseline 0.003 -19"><span class='ocrx_word' id='word_1_223' title='bbox 174 2826 250 2896; x_wconf 65' lang='lat' dir='ltr'><strong>lond,</strong></span> <span class='ocrx_word' id='word_1_224' title='bbox 266 2820 330 2889; x_wconf 69' lang='lat' dir='ltr'><strong>diod</strong></span> <span class='ocrx_word' id='word_1_225' title='bbox 343 2831 509 2906; x_wconf 64' lang='grc' dir='ltr'><strong>ππῦνθιμη.</strong></span> 
     </span>
    </p>
   </div>
   <div class='ocr_carea' id='block_1_13' title="bbox 97 2941 947 3023">
    <p class='ocr_par' dir='ltr' id='par_1_15' title="bbox 97 2941 947 3023">
     <span class='ocr_line' id='line_1_30' title="bbox 97 2941 947 3023; baseline -0.009 -16"><span class='ocrx_word' id='word_1_226' title='bbox 97 2941 215 3007; x_wconf 78' lang='lat' dir='ltr'><strong>Certior</strong></span> <span class='ocrx_word' id='word_1_227' title='bbox 227 2953 272 3004; x_wconf 84' lang='lat' dir='ltr'><strong>est</strong></span> <span class='ocrx_word' id='word_1_228' title='bbox 284 2942 333 3003; x_wconf 88' lang='lat' dir='ltr'><strong>hic</strong></span> <span class='ocrx_word' id='word_1_229' title='bbox 348 2943 479 3022; x_wconf 84' lang='lat' dir='ltr'><strong>AEschyli</strong></span> <span class='ocrx_word' id='word_1_230' title='bbox 492 2943 523 3002; x_wconf 93' lang='lat' dir='ltr'><strong>in</strong></span> <span class='ocrx_word' id='word_1_231' title='bbox 537 2945 618 3023; x_wconf 86' lang='lat' dir='ltr'><strong>Sept.</strong></span> <span class='ocrx_word' id='word_1_232' title='bbox 632 2943 671 3005; x_wconf 84' lang='lat' dir='ltr'><strong>ad</strong></span> <span class='ocrx_word' id='word_1_233' title='bbox 684 2943 778 3003; x_wconf 84' lang='lat' dir='ltr'><strong>Theb.</strong></span> <span class='ocrx_word' id='word_1_234' title='bbox 792 2947 862 3005; x_wconf 78' lang='lat'><strong>241.</strong></span> <span class='ocrx_word' id='word_1_235' title='bbox 877 2943 947 3004; x_wconf 81' lang='grc'><strong>947.</strong></span> 
     </span>
    </p>
   </div>
   <div class='ocr_carea' id='block_1_14' title="bbox 94 3059 1241 3662">
    <p class='ocr_par' dir='ltr' id='par_1_16' title="bbox 94 3059 1241 3662">
     <span class='ocr_line' id='line_1_31' title="bbox 172 3059 502 3140; baseline -0.006 -17"><span class='ocrx_word' id='word_1_236' title='bbox 172 3065 211 3130; x_wconf 71' lang='grc' dir='ltr'><strong>τίς</strong></span> <span class='ocrx_word' id='word_1_237' title='bbox 223 3059 284 3122; x_wconf 71' lang='lat' dir='ltr'><strong>crida</strong></span> <span class='ocrx_word' id='word_1_238' title='bbox 298 3062 389 3140; x_wconf 67' lang='grc' dir='ltr'><strong>νέμεσις</strong></span> <span class='ocrx_word' id='word_1_239' title='bbox 399 3069 502 3136; x_wconf 67' lang='grc' dir='ltr'><strong>στυγεῖς</strong></span> 
     </span>
     <span class='ocr_line' id='line_1_32' title="bbox 106 3141 432 3241; baseline -0.009 -36"><span class='ocrx_word' id='word_1_240' title='bbox 106 3230 111 3241; x_wconf 42' lang='lat'><strong><em>¹</em></strong></span> <span class='ocrx_word' id='word_1_241' title='bbox 134 3234 140 3241; x_wconf 28' lang='grc' dir='ltr'><strong><em>ι</em></strong></span> <span class='ocrx_word' id='word_1_242' title='bbox 174 3141 319 3221; x_wconf 61' lang='lat' dir='ltr'><strong>calceariis.</strong></span> <span class='ocrx_word' id='word_1_243' title='bbox 332 3145 432 3221; x_wconf 61' lang='lat' dir='ltr'><strong>inim.</strong></span> 
     </span>
     <span class='ocr_line' id='line_1_33' title="bbox 98 3238 1216 3335; baseline -0.023 -13"><span class='ocrx_word' id='word_1_244' title='bbox 98 3255 158 3321; x_wconf 71' lang='lat' dir='ltr'><strong>dud</strong></span> <span class='ocrx_word' id='word_1_245' title='bbox 181 3264 271 3335; x_wconf 77' lang='lat' dir='ltr'><strong>quem</strong></span> <span class='ocrx_word' id='word_1_246' title='bbox 284 3255 438 3317; x_wconf 82' lang='lat' dir='ltr'><strong>Seidierus</strong></span> <span class='ocrx_word' id='word_1_247' title='bbox 451 3276 488 3316; x_wconf 88' lang='lat' dir='ltr'><strong>ex</strong></span> <span class='ocrx_word' id='word_1_248' title='bbox 510 3255 673 3319; x_wconf 80' lang='lat' dir='ltr'><strong>Trachiniis</strong></span> <span class='ocrx_word' id='word_1_249' title='bbox 687 3260 758 3317; x_wconf 87' lang='grc'><strong>844.</strong></span> <span class='ocrx_word' id='word_1_250' title='bbox 777 3260 847 3317; x_wconf 84' lang='grc'><strong>855.</strong></span> <span class='ocrx_word' id='word_1_251' title='bbox 869 3253 991 3334; x_wconf 88' lang='lat' dir='ltr'><strong>profert,</strong></span> <span class='ocrx_word' id='word_1_252' title='bbox 1010 3254 1166 3309; x_wconf 89' lang='lat' dir='ltr'><strong>tractatum</strong></span> <span class='ocrx_word' id='word_1_253' title='bbox 1179 3238 1216 3298; x_wconf 86' lang='lat' dir='ltr'><strong>ab</strong></span> 
     </span>
     <span class='ocr_line' id='line_1_34' title="bbox 94 3321 1213 3432; baseline -0.024 -26"><span class='ocrx_word' id='word_1_254' title='bbox 94 3356 131 3398; x_wconf 65' lang='grc' dir='ltr'>ω</span> <span class='ocrx_word' id='word_1_255' title='bbox 142 3335 318 3432; x_wconf 36' lang='lat' dir='ltr'><strong>‘efficatius</strong></span> <span class='ocrx_word' id='word_1_256' title='bbox 336 3358 367 3417; x_wconf 83' lang='lat' dir='ltr'><strong>p.</strong></span> <span class='ocrx_word' id='word_1_257' title='bbox 382 3343 429 3400; x_wconf 90' lang='grc'><strong>19.</strong></span> <span class='ocrx_word' id='word_1_258' title='bbox 449 3358 511 3417; x_wconf 85' lang='lat' dir='ltr'><strong>seq.</strong></span> <span class='ocrx_word' id='word_1_259' title='bbox 528 3338 654 3398; x_wconf 83' lang='lat' dir='ltr'><strong>alienum</strong></span> <span class='ocrx_word' id='word_1_260' title='bbox 674 3337 712 3397; x_wconf 89' lang='lat' dir='ltr'><strong>ab</strong></span> <span class='ocrx_word' id='word_1_261' title='bbox 725 3337 781 3397; x_wconf 92' lang='lat' dir='ltr'><strong>hac</strong></span> <span class='ocrx_word' id='word_1_262' title='bbox 794 3335 953 3415; x_wconf 79' lang='lat' dir='ltr'><strong>quaestione</strong></span> <span class='ocrx_word' id='word_1_263' title='bbox 967 3350 1028 3393; x_wconf 86' lang='lat' dir='ltr'><strong>esse</strong></span> <span class='ocrx_word' id='word_1_264' title='bbox 1042 3337 1123 3408; x_wconf 91' lang='lat' dir='ltr'><strong>puto.</strong></span> <span class='ocrx_word' id='word_1_265' title='bbox 1163 3321 1213 3381; x_wconf 90' lang='lat' dir='ltr'><strong>De</strong></span> 
     </span>
     <span class='ocr_line' id='line_1_35' title="bbox 97 3418 1241 3579; baseline -0.014 -21"><span class='ocrx_word' id='word_1_266' title='bbox 97 3418 375 3563; x_wconf 46' lang='lat' dir='ltr'><strong>mffippczppus</strong></span> <span class='ocrx_word' id='word_1_267' title='bbox 385 3519 466 3560; x_wconf 89' lang='lat' dir='ltr'><strong>rarus</strong></span> <span class='ocrx_word' id='word_1_268' title='bbox 480 3511 525 3560; x_wconf 88' lang='lat' dir='ltr'><strong>est</strong></span> <span class='ocrx_word' id='word_1_269' title='bbox 537 3440 641 3561; x_wconf 36' lang='lat' dir='ltr'><strong>versus.</strong></span> <span class='ocrx_word' id='word_1_270' title='bbox 649 3519 687 3558; x_wconf 88' lang='lat' dir='ltr'><strong>ex</strong></span> <span class='ocrx_word' id='word_1_271' title='bbox 701 3478 907 3578; x_wconf 83' lang='lat' dir='ltr'><strong>amphibracho</strong></span> <span class='ocrx_word' id='word_1_272' title='bbox 917 3509 947 3558; x_wconf 88' lang='lat' dir='ltr'><strong>et</strong></span> <span class='ocrx_word' id='word_1_273' title='bbox 960 3490 1096 3563; x_wconf 85' lang='lat' dir='ltr'><strong>dochmio</strong></span> <span class='ocrx_word' id='word_1_274' title='bbox 1108 3487 1241 3579; x_wconf 58' lang='lat' dir='ltr'><strong>factus.‚,·‘</strong></span> 
     </span>
     <span class='ocr_line' id='line_1_36' title="bbox 95 3574 1219 3662; baseline -0.01 -22"><span class='ocrx_word' id='word_1_275' title='bbox 95 3580 246 3642; x_wconf 81' lang='lat' dir='ltr'><strong>invenitur</strong></span> <span class='ocrx_word' id='word_1_276' title='bbox 258 3582 336 3660; x_wconf 86' lang='lat' dir='ltr'><strong>apud</strong></span> <span class='ocrx_word' id='word_1_277' title='bbox 351 3581 523 3662; x_wconf 84' lang='lat' dir='ltr'><strong>AEschylum</strong></span> <span class='ocrx_word' id='word_1_278' title='bbox 536 3582 566 3641; x_wconf 91' lang='lat' dir='ltr'><strong>in</strong></span> <span class='ocrx_word' id='word_1_279' title='bbox 581 3581 675 3642; x_wconf 87' lang='lat' dir='ltr'><strong>Persis</strong></span> <span class='ocrx_word' id='word_1_280' title='bbox 685 3603 712 3640; x_wconf 88' lang='lat' dir='ltr'><strong>v.</strong></span> <span class='ocrx_word' id='word_1_281' title='bbox 727 3585 797 3642; x_wconf 89' lang='grc'><strong>969.</strong></span> <span class='ocrx_word' id='word_1_282' title='bbox 810 3581 879 3644; x_wconf 86' lang='lat'><strong>275.</strong></span> <span class='ocrx_word' id='word_1_283' title='bbox 1059 3574 1067 3591; x_wconf 74' lang='lat'><em>⁶</em></span> <span class='ocrx_word' id='word_1_284' title='bbox 1207 3576 1219 3611; x_wconf 37' lang='lat'><strong>.-</strong></span> 
     </span>
    </p>
   </div>
   <div class='ocr_carea' id='block_1_15' title="bbox 170 3695 566 3854">
    <p class='ocr_par' dir='ltr' id='par_1_17' title="bbox 170 3695 566 3854">
     <span class='ocr_line' id='line_1_37' title="bbox 171 3695 566 3774; baseline 0 -19"><span class='ocrx_word' id='word_1_285' title='bbox 171 3699 207 3755; x_wconf 69' lang='grc' dir='ltr'><strong>τὶ</strong></span> <span class='ocrx_word' id='word_1_286' title='bbox 221 3700 312 3755; x_wconf 71' lang='grc' dir='ltr'><strong>πολλαὶ</strong></span> <span class='ocrx_word' id='word_1_287' title='bbox 325 3695 403 3765; x_wconf 67' lang='lat' dir='ltr'><strong>aiau</strong></span> <span class='ocrx_word' id='word_1_288' title='bbox 416 3703 566 3774; x_wconf 66' lang='grc' dir='ltr'><strong>παμμιγῆ.-</strong></span> 
     </span>
     <span class='ocr_line' id='line_1_38' title="bbox 170 3770 549 3854; baseline 0.008 -19"><span class='ocrx_word' id='word_1_289' title='bbox 170 3773 264 3836; x_wconf 62' lang='lat' dir='ltr'><strong>insist</strong></span> <span class='ocrx_word' id='word_1_290' title='bbox 277 3770 389 3854; x_wconf 52' lang='lat' dir='ltr'><strong>criptas&amp;</strong></span> <span class='ocrx_word' id='word_1_291' title='bbox 398 3784 549 3852; x_wconf 68' lang='grc' dir='ltr'><strong>πολυβαφῆ.</strong></span> 
     </span>
    </p>
   </div>
   <div class='ocr_carea' id='block_1_16' title="bbox 130 3850 1333 3957">
    <p class='ocr_par' dir='ltr' id='par_1_18' title="bbox 130 3850 1333 3957">
     <span class='ocr_line' id='line_1_39' title="bbox 130 3850 1333 3957; baseline -0.015 0"><span class='ocrx_word' id='word_1_292' title='bbox 130 3899 182 3957; x_wconf 91' lang='grc'><strong>96.</strong></span> <span class='ocrx_word' id='word_1_293' title='bbox 201 3893 422 3953; x_wconf 89' lang='lat' dir='ltr'><strong>Crebroautem</strong></span> <span class='ocrx_word' id='word_1_294' title='bbox 435 3913 489 3953; x_wconf 84' lang='lat' dir='ltr'><strong>usu</strong></span> <span class='ocrx_word' id='word_1_295' title='bbox 500 3891 668 3953; x_wconf 88' lang='lat' dir='ltr'><strong>nobilitatus</strong></span> <span class='ocrx_word' id='word_1_296' title='bbox 681 3902 726 3952; x_wconf 91' lang='lat' dir='ltr'><strong>ast</strong></span> <span class='ocrx_word' id='word_1_297' title='bbox 739 3908 885 3952; x_wconf 72' lang='lat' dir='ltr'><strong>amusex</strong></span> <span class='ocrx_word' id='word_1_298' title='bbox 897 3880 1022 3951; x_wconf 76' lang='lat' dir='ltr'><strong>iambico</strong></span> <span class='ocrx_word' id='word_1_299' title='bbox 1031 3884 1212 3942; x_wconf 86' lang='lat' dir='ltr'><strong>monometro</strong></span> <span class='ocrx_word' id='word_1_300' title='bbox 1243 3850 1271 3919; x_wconf 64' lang='lat' dir='ltr'><strong>i‘</strong></span> <span class='ocrx_word' id='word_1_301' title='bbox 1331 3935 1333 3939; x_wconf 76' lang='grc'>,</span> 
     </span>
    </p>
   </div>
   <div class='ocr_carea' id='block_1_17' title="bbox 91 3964 1213 4129">
    <p class='ocr_par' dir='ltr' id='par_1_19' title="bbox 91 3964 1213 4129">
     <span class='ocr_line' id='line_1_40' title="bbox 91 3964 1213 4057; baseline -0.017 -16"><span class='ocrx_word' id='word_1_302' title='bbox 91 3970 338 4057; x_wconf 73' lang='lat' dir='ltr'><strong>hypercatalecto,</strong></span> <span class='ocrx_word' id='word_1_303' title='bbox 357 3993 411 4034; x_wconf 86' lang='lat' dir='ltr'><strong>seu</strong></span> <span class='ocrx_word' id='word_1_304' title='bbox 423 3976 519 4035; x_wconf 84' lang='lat' dir='ltr'><strong>verius</strong></span> <span class='ocrx_word' id='word_1_305' title='bbox 531 3975 708 4057; x_wconf 84' lang='lat' dir='ltr'><strong>fortasseex</strong></span> <span class='ocrx_word' id='word_1_306' title='bbox 727 3973 934 4054; x_wconf 88' lang='lat' dir='ltr'><strong>amphibracho</strong></span> <span class='ocrx_word' id='word_1_307' title='bbox 947 3981 978 4031; x_wconf 88' lang='lat' dir='ltr'><strong>et</strong></span> <span class='ocrx_word' id='word_1_308' title='bbox 998 3964 1126 4029; x_wconf 83' lang='lat' dir='ltr'><strong>trochaeo</strong></span> <span class='ocrx_word' id='word_1_309' title='bbox 1140 3973 1213 4038; x_wconf 70' lang='lat' dir='ltr'><strong>praes·</strong></span> 
     </span>
     <span class='ocr_line' id='line_1_41' title="bbox 91 4055 494 4129; baseline -0.01 -10"><span class='ocrx_word' id='word_1_310' title='bbox 91 4057 182 4118; x_wconf 64' lang='lat' dir='ltr'><strong>uisis</strong></span> <span class='ocrx_word' id='word_1_311' title='bbox 194 4055 332 4116; x_wconf 78' lang='lat' dir='ltr'><strong>dochmio</strong></span> <span class='ocrx_word' id='word_1_312' title='bbox 345 4068 494 4129; x_wconf 84' lang='lat' dir='ltr'><strong>constans,</strong></span> 
     </span>
    </p>
   </div>
   <div class='ocr_carea' id='block_1_18' title="bbox 99 4187 592 4272">
    <p class='ocr_par' dir='ltr' id='par_1_20' title="bbox 99 4187 592 4272">
     <span class='ocr_line' id='line_1_42' title="bbox 99 4187 592 4272; baseline -0.002 -20"><span class='ocrx_word' id='word_1_313' title='bbox 99 4238 102 4243; x_wconf 93' lang='lat'>-</span> <span class='ocrx_word' id='word_1_314' title='bbox 169 4187 592 4272; x_wconf 54' lang='lat' dir='ltr'><strong>u-ussvluss—u...</strong></span> 
     </span>
    </p>
   </div>
   <div class='ocr_carea' id='block_1_19' title="bbox 90 4319 1045 4398">
    <p class='ocr_par' dir='ltr' id='par_1_21' title="bbox 90 4319 1045 4398">
     <span class='ocr_line' id='line_1_43' title="bbox 90 4319 1045 4398; baseline -0.009 -15"><span class='ocrx_word' id='word_1_315' title='bbox 90 4322 277 4383; x_wconf 76' lang='lat' dir='ltr'><strong>Alcmainum</strong></span> <span class='ocrx_word' id='word_1_316' title='bbox 291 4331 376 4381; x_wconf 89' lang='lat' dir='ltr'><strong>vocat</strong></span> <span class='ocrx_word' id='word_1_317' title='bbox 390 4321 502 4381; x_wconf 81' lang='lat' dir='ltr'><strong>Plotius</strong></span> <span class='ocrx_word' id='word_1_318' title='bbox 515 4341 544 4398; x_wconf 87' lang='lat' dir='ltr'><strong>p.</strong></span> <span class='ocrx_word' id='word_1_319' title='bbox 558 4326 647 4384; x_wconf 85' lang='grc'><strong>9643.</strong></span> <span class='ocrx_word' id='word_1_320' title='bbox 664 4321 765 4381; x_wconf 87' lang='lat' dir='ltr'><strong>AEsch.</strong></span> <span class='ocrx_word' id='word_1_321' title='bbox 780 4319 876 4376; x_wconf 87' lang='lat' dir='ltr'><strong>Prom.</strong></span> <span class='ocrx_word' id='word_1_322' title='bbox 890 4319 960 4379; x_wconf 81' lang='lat'><strong>582·</strong></span> <span class='ocrx_word' id='word_1_323' title='bbox 974 4319 1045 4376; x_wconf 91' lang='grc'><strong>601.</strong></span> 
     </span>
    </p>
   </div>
   <div class='ocr_carea' id='block_1_20' title="bbox 1294 1930 1312 1975">
    <p class='ocr_par' dir='ltr' id='par_1_22' title="bbox 1294 1930 1312 1975">
     <span class='ocr_line' id='line_1_44' title="bbox 1294 1930 1312 1975; baseline 0 -8"><span class='ocrx_word' id='word_1_324' title='bbox 1294 1930 1312 1975; x_wconf 56' lang='grc' dir='ltr'><em>ᾖ</em></span> 
     </span>
    </p>
   </div>
   <div class='ocr_carea' id='block_1_21' title="bbox 0 0 1352 4866">
    <p class='ocr_par' dir='ltr' id='par_1_23' title="bbox 0 0 1352 4866">
     <span class='ocr_line' id='line_1_45' title="bbox 0 0 1352 4866; baseline 0 1"><span class='ocrx_word' id='word_1_325' title='bbox 0 0 1352 4866; x_wconf 95' lang='lat' dir='ltr'><strong> </strong></span> 
     </span>
    </p>
   </div>
  </div>
 </body>
</html>
