2694 4866
167 253 228 313 460
529 240 611 305 ΗΒ.
629 240 690 305 111.
708 242 802 307 CAP.
821 241 938 311 xvllt.

214 415 245 478 7.
259 409 459 475 teterrimum
472 428 542 471 vero
555 424 758 492 argumentum
767 411 878 492 prebet
890 428 1043 475 artatas
1056 422 1291 477 continuante·-

176 514 247 557 nem
262 511 392 555 numam
407 512 597 553 rneanrnas.
639 496 784 573 Apertum
804 504 849 555 est
869 495 958 565 enirn,
980 492 1094 572 syllaba
1113 496 1219 572 posits,
1236 514 1290 579 qun

175 577 368 655 interrumpat
381 574 604 655 perpetuitatem
624 574 747 647 numeri,
768 573 889 633 alterum
911 594 1064 635 numerum
1086 574 1166 635 finiri
1186 589 1292 656 unques
1314 642 1318 653 ,

179 669 320 737 sequente
340 655 443 714 dirimi.
486 655 606 734 Duplex
619 668 664 717 est
677 666 774 715 autem
788 656 917 717 conditio
931 656 1117 735 syllabarum,
1131 677 1200 736 quae
1213 657 1293 719 enati·

179 738 347 798 nuationem
368 735 480 796 numeri
499 735 666 815 impediant.
708 736 783 796 Nam
797 749 848 797 ant
862 736 891 794 in
906 755 1014 797 ntnru
1028 738 1125 815 posita
1137 750 1196 811 est,
1209 740 1293 799 autin

179 837 336 881 mnaseas
361 836 528 879 nacmtrs.
577 819 678 895 Atque
701 835 837 879 ararum
859 818 975 896 quidem
988 836 1078 877 nermo
1091 839 1151 877 non
1166 820 1295 880 ridethit

179 920 248 961 eum
262 899 393 977 intelligi,
409 899 458 978 qui
481 899 511 956 in
533 918 648 977 quoque
666 917 777 976 ,genere
790 899 907 959 illicitus
921 899 1053 959 babetur.
1096 901 1146 959 Dc
1160 920 1221 978 qua
1232 912 1296 961 rea

178 981 210 1041 in
223 981 297 1043 libro
310 981 413 1060 primo,
428 991 458 1038 et
478 979 509 1037 in
523 979 700 1057 singulorum
722 991 880 1039 metrorum
901 979 1100 1059 explicatione
1119 981 1235 1041 dictum
1254 994 1297 1043 est.

181 1058 320 1138 Similiter
333 1081 364 1120 se
378 1079 423 1118 res
436 1061 525 1119 habet
538 1060 567 1116 in
582 1078 740 1120 mansues
756 1078 922 1121 sacrarunt.
963 1060 1039 1119 Nam
1052 1079 1091 1120 ea
1104 1072 1232 1134 tantum,
1245 1081 1297 1141 qua

66 1204 70 1211 ,
180 1144 212 1202 in
225 1142 326 1201 mediis
339 1141 467 1201 versibus
482 1161 540 1200 non
554 1152 598 1199 est
612 1160 759 1213 concessa,
774 1141 847 1200 finiti
859 1140 971 1201 numeri
984 1141 1102 1218 signum
1116 1153 1174 1213 est,
1190 1163 1248 1203 non
1259 1163 1295 1215 ea,

84 3678 87 3683 ,
196 3618 283 3676 unius
296 3617 361 3675 loco
376 3614 442 3672 sint.
483 3611 529 3670 Ita
549 3632 635 3672 nemo
657 3633 716 3673 non
736 3614 852 3688 sentiet,
872 3615 994 3696 pessime
1007 3616 1097 3698 vulgo

203 1244 248 1283 uae
261 1235 304 1281 est
319 1238 466 1283 concessa.
507 1220 676 1281 Cavendum
691 1235 735 1281 est
743 1222 820 1281 enim
832 1222 933 1281 sedulo
946 1222 984 1281 ab
997 1240 1108 1289 errore,
1123 1224 1177 1301 qui
1189 1224 1296 1283 nimiuu

205 1306 233 1363 'u
245 1304 418 1363 restitutioni
429 1313 586 1361 metrorum
598 1302 701 1373 obfuit,
712 1322 801 1380 quum
811 1303 979 1361 crederetur
988 1301 1102 1380 syllaba
1115 1323 1251 1365 versuum
1264 1305 1296 1364 ul·

181 1386 262 1455 tima,
277 1404 342 1463 quae
355 1404 393 1443 ex
407 1383 492 1443 metri
506 1383 571 1460 lege
584 1401 691 1461 anceps
711 1394 765 1454 est,
790 1383 898 1461 ubique
917 1383 947 1441 in
960 1383 1086 1445 medium
1101 1404 1207 1445 rocem
1227 1404 1297 1464 postu

121 1500 125 1507 -
183 1465 322 1527 incidere.
363 1464 451 1531 Quod
472 1463 502 1522 in
522 1464 578 1523 arsi
601 1466 728 1523 omnium
749 1483 945 1535 numerorum,
965 1463 994 1522 in
1008 1463 1201 1525 thesiautem
1214 1467 1296 1546 pluris

184 1565 273 1626 quam
287 1564 373 1603 uuam
386 1545 524 1624 syllabam
538 1545 664 1603 habente
683 1545 747 1606 lieri
770 1545 892 1604 vetitum
913 1556 968 1617 est,
982 1544 1052 1622 quia
1062 1546 1109 1606 sic
1122 1559 1154 1606 et
1271 1548 1276 1560 '

185 1628 259 1687 ratio
274 1627 377 1698 omnis,
398 1638 429 1684 et
447 1629 526 1705 justa
549 1627 702 1685 verborum
723 1626 919 1704 pronuntiatio
935 1625 1103 1686 colleretur.
1161 1628 1295 1708 Exemplis

185 1725 247 1768 rem
260 1707 375 1787 planam
390 1706 505 1767 faciam.
546 1706 581 1764 In
597 1706 730 1786 AEschyli
744 1709 964 1786 Agamemnone
977 1726 1004 1765 r.
1021 1712 1111 1776 1457.
1124 1708 1250 1789 tegitur:

187 1864 190 1869 ·
266 1831 325 1897 φῶ,
338 1826 375 1888 τίς
389 1821 420 1882 uir
434 1825 454 1882 ir
468 1823 545 1899 τείχη
559 1825 594 1899 μὲ
604 1819 755 1903 mageddom,

266 1901 327 1982 padi
340 1902 500 1985 inferiorique.

187 2016 272 2079 Prior
284 2037 393 2089 versus,
408 2016 457 2096 qui
471 2036 487 2076 e
501 2017 614 2077 duobus
628 2015 769 2076 dochmiis
783 2028 908 2089 constat,
923 2017 1053 2079 ultimam
1066 2019 1210 2099 syllabam
1219 2037 1294 2101 pera

186 2098 305 2179 quidem
318 2099 436 2157 brevem
449 2097 556 2156 habere
569 2110 676 2176 posset,
691 2098 744 2156 nisi
759 2099 921 2159 continuari
939 2105 1025 2178 poeta
1038 2119 1196 2163 numerum
1207 2101 1295 2167 volub·

186 2192 242 2241 set.
282 2183 381 2245 Quare
395 2179 465 2237 nihil
479 2179 641 2258 impediret,
657 2180 726 2257 quin
739 2179 813 2241 ulter
825 2199 923 2245 versut
935 2199 955 2241 a
967 2181 1061 2244 vocali
1074 2182 1229 2263 inciperet.
1253 2184 1292 2256 tt

187 2261 267 2347 quod
280 2261 310 2319 in
324 2260 502 2341 antistropha
514 2262 640 2339 positum
654 2271 709 2333 est,
722 2280 750 2318 v.
766 2262 853 2326 1477.

265 2375 365 2455 δαῖμον,
378 2375 404 2443 ie
417 2377 538 2453 ἶμκιτνιῒς
551 2375 648 2454 du‘prm
661 2382 707 2436 ui
720 2373 795 2452 διφυ-

268 2465 313 2518 ti‘rt
327 2455 531 2525 Τανταλίδαισιν,

189 2568 255 2651 quis
265 2573 326 2649 jam
339 2571 413 2630 ferat
426 2569 570 2649 producta
582 2568 692 2649 syllaba
705 2569 768 2642 ista,
778 2588 843 2649 quae
856 2568 983 2631 medium
995 2568 1027 2628 in
1041 2572 1216 2661 vocabulum
1228 2572 1297 2655 plana

189 2651 314 2814 {dividam
328 2663 415 2734 atque
434 2650 592 2710 inauditam
606 2670 770 2711 mensuram
783 2651 907 2711 inferat?
928 2655 971 2711 At
985 2652 1063 2711 enim
1077 2655 1233 2774 scripserat
1244 2654 1296 2715 AEt·

272 2847 372 2930 deriput,
386 2846 411 2914 ie
424 2847 544 2924 ἔμπιτνιῖς
557 2846 657 2925 deipara
669 2851 714 2909 nal
727 2844 810 2922 διφυί·

273 2956 319 2988 οισι
334 2928 543 2989 Tarroeaidmrm.
608 2974 610 2979 ,
920 2996 923 3002 .

195 3043 347 3106 lacedem
361 3040 459 3099 fabula
472 3060 499 3100 v.
516 3045 582 3100 134.
599 3040 663 3120 quis
676 3041 734 3100 hoc
745 3042 926 3102 tolerandum
940 3042 1066 3121 patebit,

275 3156 466 3235 &fimi

275 3267 310 3300 ro
323 3239 404 3298 Stiitr
418 3238 526 3319 κνιφιίσῃ
541 3238 667 3320 πςοτυπέν
680 3238 778 3315 eripior
791 3238 862 3316 pcipe
876 3241 974 3320 Tgot'rtt·
995 3299 997 3302 .
1076 3268 1081 3283 ·

196 3392 233 3434 eo
246 3373 398 3441 adductus,
414 3369 492 3449 quod
506 3371 584 3448 prior
597 3369 755 3430 versiculus
776 3371 937 3451 dactylicus
955 3370 1081 3432 dimeter
1092 3375 1143 3446 sit,
1158 3379 1238 3455 cujus
1249 3373 1298 3435 utri.

195 3474 245 3515 rna
257 3454 347 3533 possit
360 3471 466 3530 anceps
479 3451 565 3510 esse?
586 3453 630 3509 At
640 3453 793 3529 scripserat
802 3455 891 3530 poe'ta
899 3454 969 3527 ripa.
1010 3454 1125 3513 Eadem
1134 3458 1256 3516 conditio
1267 3464 1298 3515 est

196 3536 319 3595 duarum
334 3533 460 3612 quidem,
475 3532 526 3591 sed
540 3550 625 3590 sensu
639 3533 679 3590 ita
700 3537 920 3613 conjunctarum
933 3553 1049 3608 vocum,
1063 3548 1096 3595 ut
1109 3538 1297 3681 propemoddptt

196 3697 392 3778 ristophanem
407 3693 487 3752 Nub.
499 3698 586 3755 1349.
1123 3638 1170 3700 egl
1183 3638 1239 3701 &pu

276 3826 341 3891 ἀλλ’
352 3824 405 3886 iri’
420 3825 466 3903 ‘icy
479 3825 636 3906 demeritam·
649 3825 721 3893 δῖἰλᾶι
732 3854 762 3904 γι,
773 3835 801 3889 ri

360 3908 420 3985 λῆμ’
435 3909 486 3966 ieri
499 3907 658 3987 ediderimu-

57 4052 60 4057 '
201 4039 326 4122 Optimis
340 4036 488 4098 codicibus
501 4037 525 4095 si
539 4037 687 4098 fidendum
700 4052 755 4114 est,
770 4041 922 4120 scripserat
937 4040 1166 4124 Aristophanes:

280 4170 344 4234 ἄλλ’
354 4169 408 4230 'iri'
423 4170 469 4248 ’ὅτῳ
482 4169 642 4250 &geniturae
655 4169 727 4239 δῆλον
741 4180 768 4236 ri
782 4175 844 4253 bip?

290 4249 293 4257 ¹
333 4293 335 4297 ·
355 4254 424 4314 vitala
438 4250 596 4336 adripuisse.
