2694 4866
181 215 242 280 nn
264 213 453 278 mmnrco
475 212 780 277 nnnnnmnrno
803 176 1118 290 cunnnncnrco.
1177 230 1218 295 or

147 428 164 458 “
173 445 234 482 nam
246 426 269 507 si
281 421 565 501 remittant‘quidpiam
578 428 764 485 Philumenam
777 427 893 485 dolores.

89 533 100 562 ‘
118 527 151 591 llt
173 532 202 591 in
224 533 328 592 Plauto
349 553 427 612 saepe
444 533 519 593 tales
539 533 744 612 reperiuntur„
777 531 871 591 Varro
885 531 923 592 de
935 533 1036 612 lingua
1049 535 1156 598 Latina
1168 538 1208 598 ad

91 611 288 688 ‘Marcellum
308 615 367 675 sic:
388 634 478 694 quare
492 615 523 673 in
543 613 710 692 hujusmodi
730 613 803 673 locis
822 613 892 693 poni
912 627 1030 693 oportet
1053 629 1153 679 notam
1176 620 1208 679 in

91 699 101 729 ‘
115 702 302 754 transversum
316 695 392 755 inter
405 696 540 775 syllabas,
560 695 742 774 frequentius
755 693 793 754 ad
807 706 972 754 extremum
986 717 1101 759 versum
1122 720 1206 762 senu-

89 781 99 810 ‘
112 774 181 835 rium
196 788 226 836 et
239 776 356 850 slmiles,
377 777 402 836 si
415 797 468 857 pro
478 777 567 856 longa
579 776 699 836 brevem
708 777 869 850 habebunt,
887 788 923 863 ut
936 779 966 836 in
979 779 1049 852 boc,

143 895 162 924 “
170 893 270 950 amicus
282 912 400 950 summus
411 911 487 950 maus
498 903 527 950 et
537 894 674 968 popularis
687 895 765 950 Geta
776 893 831 938 -'‘

89 990 116 1056 lt
130 994 250 1057 Plautus
262 997 395 1077 quidem,
417 1009 450 1058 ut
464 997 495 1056 in
514 997 645 1058 iambicis
670 997 837 1070 octonariis,
857 997 978 1078 aliisque
1000 1000 1141 1075 versibus,
1162 1003 1204 1064 ita

89 1078 159 1137 tiam
172 1077 202 1137 in
217 1079 387 1157 septenariis
400 1079 556 1158 sepissime
571 1099 639 1139 usus
660 1090 704 1138 est
730 1079 780 1138 illa
803 1092 1036 1159 asynartetorum
1057 1077 1201 1146 libertate.

89 1158 121 1218 le
139 1159 270 1239 plurimis
291 1161 432 1239 exemplis
452 1161 512 1220 duo
533 1158 664 1221 attulisse
684 1159 754 1221 ratis
772 1161 868 1234 babeo
888 1161 978 1222 trium
996 1164 1201 1228 continuorum

89 1258 217 1312 erenum,
237 1242 268 1300 in
283 1242 418 1301 Asinaria
433 1243 492 1314 111.
507 1249 535 1315 8,
557 1249 608 1306 61.

142 1358 190 1414 sed
201 1358 224 1412 sl
234 1358 284 1413 tibi
295 1357 388 1429 viginti
400 1359 480 1412 minae
492 1357 593 1429 argenti
605 1356 781 1430 proferentur,

141 1444 193 1514 quo
206 1430 255 1514 uda
267 1429 374 1514 vocabis
385 1426 522 1513 nomineil·
538 1427 657 1484 libertos.
666 1447 721 1484 non
729 1424 879 1500 'patr6nosl

141 1501 169 1556 rd
180 1501 282 1573 ponuat
299 1501 393 1571 vrgrntl
404 1517 484 1555 minse
494 1499 538 1554 bic
550 1502 641 1556 insunt
652 1500 681 1555 in
693 1501 821 1557 crumina.
916 1532 919 1537 ·

89 1615 143 1666 ttr.
157 1615 206 1670 84.

141 1727 216 1782 nimis
227 1725 299 1782 bella
310 1745 340 1783 es
350 1737 430 1799 atque
441 1724 571 1783 amdbilis:
589 1738 618 1784 et
629 1728 652 1783 si
663 1728 715 1782 hdo
726 1736 798 1784 esset
809 1744 897 1782 meum
909 1726 999 1796 hodie,

140 1799 281 1884 numqudm
291 1817 333 1883 me
341 1816 435 1884 'orares
446 1800 510 1870 quin
523 1798 612 1883 darem
618 1816 631 1882 :-
643 1799 718 1853 illum
727 1809 757 1854 te
767 1816 845 1855 orare
856 1799 972 1855 meliust.

140 1871 192 1926 rlbc
204 1869 273 1925 hone
285 1869 349 1924 muln
360 1869 515 1926 servandam
527 1870 609 1926 dedu.
622 1888 633 1924 r
646 1869 709 1925 saue
722 1869 792 1925 bella
804 1869 882 1924 belle.

89 1967 240 2034 Terentium
255 1993 383 2053 quoque,
402 1983 433 2031 et
447 1984 537 2042 recte,
559 1990 625 2032 mea
634 1972 790 2044 sententis,
811 1972 842 2032 id
855 1972 958 2032 fecisse
969 1971 1099 2031 Faernus
1112 1983 1197 2050 puta·

89 2049 134 2113 but.
171 2056 235 2115 Etsi
255 2055 342 2113 facile
362 2053 547 2132 crediderm,
567 2073 635 2113 eum
656 2054 772 2132 parcius
796 2054 852 2112 hac
875 2052 994 2113 licentia
1018 2072 1101 2112 usum
1124 2073 1197 2113 esse.

91 2133 173 2198 Quasi
187 2137 218 2195 in
231 2135 390 2196 trochaicis
403 2134 573 2214 septenariis
586 2135 636 2193 ille
650 2134 799 2206 abstinuit,
820 2152 880 2193 non
894 2134 1029 2202 mirabor,
1053 2153 1144 2214 quum
1167 2135 1198 2192 in

90 2209 121 2274 hir
133 2218 224 2278 hiatus
237 2216 311 2277 rude
325 2217 463 2297 quiddam
477 2216 585 2276 habere
599 2215 741 2288 videatur,
762 2216 831 2295 quia
841 2215 874 2273 'in
887 2215 962 2274 thesi
982 2215 1025 2273 fit‘.
1067 2215 1103 2273 In
1123 2214 1196 2274 iam-

91 2293 144 2357 bicis
155 2299 284 2360 versibus
297 2309 406 2371 autem,
426 2299 477 2356 ubi
491 2298 562 2357 arsis
571 2316 675 2358 rocem
685 2298 780 2376 erigit,
796 2297 889 2355 multo
904 2299 999 2356 minor
1012 2295 1131 2356 offensio
1142 2308 1197 2358 cst.

92 2378 173 2458 ltaque
182 2400 285 2442 vereor
295 2399 333 2439 ne
341 2379 506 2452 Bentleius,
518 2379 572 2458 qui
580 2379 668 2439 aliter
681 2378 839 2452 statuebat,
860 2388 894 2437 ut
906 2379 945 2438 ad
956 2379 1035 2439 Eun.
1048 2379 1091 2438 Il.
1100 2380 1131 2452 2,
1145 2383 1195 2442 86.

92 2454 150 2520 flet
163 2463 201 2524 V.
214 2469 244 2535 2,
269 2466 316 2523 18.
329 2461 410 2532 dicit,
430 2460 542 2540 aliquot
555 2480 656 2520 versus
675 2471 807 2520 autnon
827 2471 910 2521 recte
933 2478 1050 2521 memus
1073 2459 1122 2533 sit,
1143 2470 1195 2520 aut

91 2555 174 2616 prater
193 2543 397 2604 necessitatem
417 2542 589 2602 emendarit.
630 2542 690 2603 Ubi
708 2553 872 2622 anapestus
893 2559 1033 2602 caesuram
1052 2541 1195 2621 sequitur,

90 2619 214 2685 interdum
237 2623 405 2703 ambigu'um
424 2634 479 2696 est,
500 2623 686 2702 pyrrhichius
697 2624 735 2684 sit
749 2635 869 2704 quartus
883 2642 945 2701 pes,
966 2643 1003 2682 an
1018 2621 1194 2696 tribrachus,

91 2707 203 2767 utinhls
227 2706 311 2778 locis,
331 2707 362 2765 iu
383 2705 462 2765 Heu.
477 2703 518 2764 11.
534 2708 565 2791 2,
589 2702 738 2778 1.111.1,
761 2709 811 2768 45.
832 2705 870 2763 V.
892 2708 921 2763 2.
942 2706 991 2776 22.
1016 2702 1134 2776 Phorm‚
1157 2703 1195 2763 V.

89 2787 110 2859 3,
125 2793 149 2852 l.

141 2906 188 2962 etsi
200 2906 255 2962 scio
268 2924 326 2977 ego,
344 2905 509 2972 Philumena,
527 2922 615 2960 meum
623 2903 668 2977 jus
680 2900 739 2960 et'se
751 2913 783 2959 ut
793 2911 822 2959 te
834 2902 934 2975 cogam.

139 2977 348 3050 quonammodo,
365 2977 522 3032 Philumena
534 2994 602 3042 mea,
619 2977 691 3029 nhnc
703 2985 731 3030 te
743 2975 875 3030 offendam
887 2972 1017 3030 adiectam.

140 3067 180 3116 eo,
196 3050 248 3105 etsi
260 3048 316 3102 scio
327 3047 373 3119 pol
385 3047 495 3103 hissera
508 3065 596 3119 meum
608 3047 780 3118 conspectum
792 3047 904 3102 inrisum
916 3046 1005 3103 bodie.

138 3121 257 3192 medum,
275 3119 392 3186 dtsoloq
409 3119 590 3195 Nausistrata:
609 3116 652 3172 fac
662 3117 709 3172 illa
721 3119 752 3172 ht
762 3116 883 3189 placetur
894 3116 980 3172 nobis.

89 3218 176 3284 Verum
189 3226 254 3305 quis
268 3243 327 3284 non
341 3223 431 3294 videt,
451 3223 545 3282 multo
558 3205 751 3302 elegantiores
764 3228 828 3282 esse
845 3208 898 3281 hos'
912 3241 1022 3293 versus,
1043 3219 1068 3280 si
1077 3205 1191 3302 pyrrhi·

89 3301 175 3380 dium
194 3325 281 3387 quam
295 3305 320 3365 si
333 3305 511 3385 tribrachum
525 3304 556 3362 in
566 3314 669 3383 quarta
681 3303 751 3364 sede
765 3302 918 3384 ponimus?
960 3306 1061 3383 Atque
1075 3313 1109 3362 ut
1123 3323 1191 3364 con-

89 3383 190 3462 hmsm,
210 3388 290 3467 quod
303 3386 375 3458 dixi,
396 3386 537 3445 nonsatis
552 3397 638 3455 caute
654 3395 797 3445 versatum
817 3403 881 3444 esse
901 3383 1068 3444 Bentleium
1088 3383 1119 3442 in
1132 3385 1191 3445 hoc

89 3485 183 3545 genere,
203 3469 269 3548 quis
283 3468 381 3538 malet,
403 3468 482 3547 qnod
495 3466 545 3525 ille
557 3465 620 3525 fieri
631 3466 718 3545 jubet
730 3465 760 3524 in
778 3465 855 3527 Hoc.
867 3465 905 3524 V.
921 3471 951 3537 2,
965 3469 1015 3528 21.
1036 3466 1157 3526 verbum
1177 3467 1191 3524 i

89 3567 127 3608 ron
139 3549 346 3630 colliquescere
360 3568 428 3609 eum
440 3558 582 3629 sequente
592 3550 678 3622 voce,
699 3565 788 3628 quam
801 3567 861 3608 non
874 3545 943 3607 elidi
963 3546 1094 3606 ultimam
1118 3565 1190 3626 prae-

89 3632 197 3693 mentis
209 3631 358 3697 vocabuli:
591 3644 593 3651 ’
646 3639 649 3647 '

134 3754 171 3807 ob
187 3749 324 3877 einqdqeqr
338 3750 383 3806 rin
399 3765 462 3821 orgo
481 3747 633 3805 lutroiisml
650 3750 684 3804 Ι..
699 3746 723 3815 i,
739 3755 820 3820 atque
839 3744 963 3818 explciis
979 3745 1106 3812 smmum,
1124 3754 1157 3828 ut

194 3838 237 3883 ,cr
288 3840 327 3876 n.
354 3864 357 3871 ,
710 3853 712 3858 2

89 3936 115 3986 ut
126 3925 192 4006 quis
207 3925 245 3986 V.
258 3928 289 3998 n,
310 3929 360 3985 32.
373 3924 536 3984 mutatione
544 3923 681 4004 ,indigere
694 3922 809 4005 putabit
823 3923 964 3984 librorum
976 3919 1152 3982 lectioneme

131 4043 196 4099 eum
207 4041 333 4114 cognovit
344 4039 483 4111 Myrrhina
493 4041 522 4096 in
534 4041 618 4113 digito
631 4041 713 4098 modo
724 4059 768 4097 me
778 4039 930 4096 habentem.

89 4152 217 4214 lectiam
229 4152 260 4210 in
275 4152 422 4212 Eunucho
436 4152 478 4213 ll.
492 4156 523 4225 2,
546 4157 594 4214 86.
610 4152 777 4231 prestabat,
798 4152 910 4230 opinor,
933 4167 993 4209 non
1006 4148 1087 4210 aliud
1105 4148 1186 4210 adhi·
1304 4151 1306 4159 ¹

89 4255 130 4298 tre
140 4233 316 4315 remedium.
330 4253 417 4318 quam
431 4234 560 4298 inserere
574 4232 714 4296 usitatum
724 4234 756 4296 in
765 4233 821 4295 ista
833 4230 959 4292 formula
970 4231 1027 4308 lic,

256 4344 262 4355 ,
609 4333 641 4392 N
688 4367 692 4379 ι
1057 4339 1062 4343 .
