2694 4866
270 278 645 378 oonnnrnsmcn
666 281 986 350 rnrnnnnrnrs.
1125 294 1185 356 2⁶1.

127 477 188 531 oro,
199 459 324 526 dbtestor,
336 459 403 525 sitis,
411 468 439 513 et
450 455 583 514 hominem
596 453 792 523 demonstretis,
809 456 854 528 qui
866 474 924 513 eam
936 456 1082 515 dormierit.

81 547 94 595 5
127 531 299 609 quidcistu?
317 532 366 586 tibi
373 528 481 585 credere
494 540 595 585 certum
606 540 664 584 est=
677 545 737 582 nam
747 527 805 586 essi
817 529 915 583 bonum
927 547 944 584 c
955 532 1030 585 voitu
1042 532 1181 602 cognosco.

126 607 192 680 quid
204 602 265 660 est?
284 603 347 676 quid
359 597 472 655 ridetis?
490 600 552 656 novi
563 600 657 655 omnis
669 601 724 654 scio
735 597 807 653 frites
819 617 877 654 esse
888 600 932 656 hic
944 601 1094 672 compluris,

129 678 177 751 qui
189 675 287 732 vestitu
299 684 327 728 et
338 682 412 727 croto
422 669 557 727 occultent
569 689 636 735 sese,
647 670 727 741 itque
739 670 841 735 sedent,
853 671 927 743 qussi
941 672 995 727 rint
1007 671 1081 743 frugi.

163 748 234 812 hem,
245 745 325 800 nemo
336 743 415 799 habet
427 742 537 798 horum:
556 741 683 797 occidisti.
702 741 744 796 dic
757 742 845 812 igitur,
861 742 920 813 quis
931 742 1019 798 habet.
1037 741 1146 798 nescis?

127 819 174 875 hei
185 819 228 877 me
240 817 373 880 miserum,
383 813 521 869 miserum:
540 814 606 885 perii
617 813 686 867 mole
697 811 831 883 perditus:
849 830 969 883 pessume
981 813 1090 870 cruitur
1103 832 1146 869 eo.

81 901 92 946 t
163 888 267 945 tantum
296 886 368 940 emiti
380 895 408 940 et
419 883 498 940 mclii
509 885 639 939 maestitiae
651 883 694 937 hic
707 883 763 938 dies
775 883 839 937 mihi
849 883 955 950 obtulit,

164 906 302 1015 samemgt
313 955 479 1028 pauperiem:
500 956 620 1027 perditus
632 955 783 1026 penissume
795 970 851 1009 sum
864 972 914 1026 ego
925 955 1040 1037 omnium

164 1031 193 1085 iu
206 1029 291 1084 terro:
311 1045 372 1082 nom
386 1027 450 1098 quid
461 1026 497 1080 mi
508 1026 576 1099 opus
588 1037 629 1080 est
639 1026 703 1092 vito,
738 1025 880 1080 nitentum
899 1026 956 1080 euri
967 1025 1079 1098 perdidi,

163 1101 236 1172 quod
248 1097 379 1154 custodivi
390 1097 499 1152 sedulo:
520 1125 540 1151 -.
551 1095 656 1167 egomet
669 1113 711 1150 me
720 1045 885 1163 ienaudsvi,

125 1171 295 1240 ouimimque
306 1185 403 1233 meum,
413 1167 571 1239 geniumque
583 1184 686 1222 meum:
703 1184 774 1223 nunc
787 1183 821 1222 eo
832 1167 877 1222 dlii
889 1167 1067 1236 laetificintur,

81 1251 101 1301 5·
125 1259 187 1298 meo
198 1239 270 1296 milo
282 1249 310 1294 et
321 1239 433 1303 domu03
449 1239 505 1310 peti
516 1238 629 1310 nequeo.

81 1364 136 1424 ’.6.
157 1366 187 1428 7.
208 1365 237 1420 8.
257 1359 344 1437 vulgo
367 1357 425 1418 alio
449 1357 551 1419 ordine
568 1355 655 1437 positi
679 1369 756 1420 sunt.
799 1360 836 1419 V.
864 1365 912 1423 10.
932 1360 1024 1421 variat
1044 1360 1131 1421 lectio
1150 1360 1182 1419 in

81 1444 150 1506 [SS.
171 1453 202 1502 et
215 1439 482 1520 apudPriscionum
497 1443 608 1519 pm.
630 1459 667 1500 oc
681 1437 809 1500 Nonium
831 1442 860 1499 in
880 1462 909 1503 v.
925 1442 1034 1523 gemiti.
1075 1444 1112 1502 V.
1136 1446 1183 1505 ll.

81 1525 183 1586 ordiens
208 1523 366 1605 peninum
396 1521 487 1582 MSS.
518 1519 624 1600 Longii
644 1522 876 1607 suppeditarunt.
918 1523 997 1612 Dein
1020 1523 1108 1603 volgo
1129 1543 1180 1605 ego

81 1627 146 1752 aii).
168 1686 253 1747 Unus
267 1685 441 1756 octonarius,
455 1683 510 1744 nisi
522 1683 618 1757 fallor,
639 1685 716 1746 inter
729 1685 839 1746 medios
853 1684 992 1746 iambicos
1016 1685 1182 1747 octonarios

81 1790 88 1828 ι
102 1766 318 1848 Αωρὴίιηιοιιε
332 1778 376 1826 est
390 1768 426 1826 V.
444 1774 471 1839 l,
489 1769 537 1828 10.

127 1884 411 2011 strepitis-tormine,
431 1883 544 1952 sonitus,
564 1885 688 1952 tonitrus,
707 1884 804 1952 subito,
818 1883 849 1939 fit
865 1901 986 1958 propere,
1003 1894 1034 1941 ut
1044 1883 1132 1942 relide
1144 1893 1186 1941 to

115 1986 118 1992 ·
232 1974 278 2010 nur

81 2061 156 2140 'ulgo
175 2057 320 2119 utsubito.
360 2059 464 2117 Plures
485 2069 516 2118 et
540 2058 684 2118 octonarii
707 2069 738 2119 et
759 2059 915 2138 septenarii
938 2060 1055 2120 suntin
1077 2058 1183 2120 Casina
1210 2060 1214 2067 '
1276 2064 1281 2074 ⁴

81 2143 212 2209 [.3..’

162 2254 293 2312 Omnibus
305 2255 383 2309 rebus
395 2253 476 2310 credo
488 2252 537 2326 rigo
549 2272 665 2310 amorem
676 2254 829 2312 antevenire
840 2254 969 2313 nitoribus
980 2255 1080 2322 nitidis,

161 2344 213 2382 nec
261 2326 440 2396 nequidquam
454 2326 662 2391 commemorari,
679 2326 751 2398 quod
763 2326 823 2397 plus
836 2327 905 2399 salis,
915 2328 1027 2399 plusque
1038 2325 1135 2399 lepdris

161 2397 216 2453 hoc
262 2399 317 2451 bet.
335 2395 455 2478 equidem
468 2396 546 2452 nimis
559 2396 682 2463 demiror,
696 2397 742 2468 qui
753 2399 866 2453 utdntur
878 2397 1064 2463 condimentis,

146 2486 213 2524 ‘eos
225 2468 258 2522 ed
269 2467 440 2523 condimento
452 2468 506 2520 imo
519 2485 573 2522 non
587 2470 666 2534 otior,
678 2469 801 2523 omnibus
814 2467 886 2539 quod
898 2467 1022 2538 praestet.

126 2557 214 2612 neque
226 2538 332 2604 oileum,
350 2554 436 2608 neque
448 2555 528 2594 suove
539 2538 598 2594 isse
609 2549 699 2610 potest
711 2537 864 2609 quidquam,
882 2538 927 2592 irbi
938 2555 1014 2594 amor
1024 2554 1080 2594 non
1091 2537 1188 2595 admis-
1226 2609 1229 2614 Δ

126 2679 165 2737 iel
176 2679 247 2752 quod
259 2697 375 2734 omarum
388 2689 437 2746 est,
448 2678 476 2733 id
488 2678 541 2733 mei
551 2678 645 2742 facien
657 2678 791 2734 hominem
803 2677 837 2732 dx
846 2677 916 2734 tristi
923 2677 1039 2750 lepidum
1051 2679 1080 2735 et
1089 2679 1186 2738 lencm.

233 2619 315 2664 cetur.

128 2752 198 2834 hanc
211 2751 261 2822 ego
273 2751 307 2806 de
318 2768 361 2805 me
373 2751 552 2834 conjecturam
566 2751 638 2837 domi
649 2749 719 2804 ficio
729 2748 822 2833 magis,
850 2767 912 2833 uem
924 2751 1081 2840 excit-dim!
1115 2822 1123 2835 .

127 2821 1189 2966 dimittunt&induitintuit&diffidit
1250 2880 1253 2886 ·

127 2965 200 3020 utili
222 2964 351 3035 placeam:
373 2974 400 3017 et
411 2964 513 3047 pioceo,
525 2963 556 3017 dt
567 2963 677 3018 videor:
695 2963 743 3047 scd
755 2963 824 3017 uxor
834 2981 877 3018 me
889 2964 1032 3032 excruciat,
1043 2966 1106 3037 quia
1115 2965 1187 3023 vivit.

127 3037 232 3092 tristem
243 3035 349 3090 idstore
358 3035 484 3106 adsprcrd.
500 3033 598 3089 blande
609 3034 667 3090 inec
679 3035 744 3088 mrhr
756 3034 826 3090 mdia
836 3052 880 3092 res
891 3035 1048 3107 appellinda
1059 3047 1107 3093 est.

81 3168 107 3220 to
117 3158 182 3219 haec
195 3156 349 3218 scribenda
358 3169 440 3238 puto.

102 3247 149 3303 11.-
170 3239 319 3300 Succedot
332 3239 402 3300 huic
415 3241 482 3299 loco
496 3238 568 3299 clius
583 3260 622 3300 ex
636 3241 777 3317 Bacchid.
798 3242 836 3301 V.
852 3246 879 3302 1.

162 3353 331 3430 Quicumque
340 3357 385 3412 ubi
396 3358 441 3412 ubi
453 3369 524 3425 sunt,
536 3359 582 3430 qui
594 3357 710 3425 fuerunt,
723 3358 819 3431 quique
831 3358 913 3416 futuri
924 3367 986 3420 suot
995 3355 1115 3432 posthac,

161 3429 249 3495 stulti,
261 3429 359 3494 stolidi,
369 3427 444 3494 fatui,
456 3429 537 3513 fungi,
549 3429 632 3497 bardi,
644 3431 743 3497 bleoni,
754 3431 895 3498 buccdoes,

129 3499 204 3556 solos
215 3517 265 3570 ego
277 3499 360 3554 omnis
370 3500 448 3571 longe
459 3499 567 3556 insideo
579 3500 693 3556 stultitia
705 3511 733 3558 et
745 3503 860 3557 moribus
871 3502 997 3558 indoctis.

163 3572 247 3644 perii:
265 3571 360 3643 pudet:
381 3570 492 3626 hoccine
503 3589 546 3627 me
557 3571 651 3627 aetatis
662 3571 740 3628 ludos
750 3572 791 3627 bis
801 3572 901 3628 foetum
913 3591 972 3629 esse
983 3571 1114 3645 indigne?

81 3648 98 3696 Β
164 3643 248 3713 magis
259 3659 337 3715 quam
348 3643 377 3696 id
387 3654 491 3712 reputo,
503 3653 557 3698 tom
568 3643 651 3716 megin
662 3660 734 3709 uror,
744 3660 803 3715 qnae
815 3643 891 3699 meus
902 3645 971 3699 filius
982 3645 1106 3700 turbinis.

163 3714 283 3785 perditus
295 3730 351 3768 sum
364 3724 444 3785 atque
455 3715 603 3768 eradicatus
615 3731 685 3768 rum:
708 3714 828 3769 omnibus
839 3716 966 3787 exemplis
978 3717 1091 3772 crucior.

132 3783 223 3839 omnia
235 3802 279 3839 roe
289 3783 359 3851 mole
370 3783 557 3840 consectantur
567 3803 575 3839 r
592 3811 608 3821 -
619 3785 742 3840 omnibus
753 3786 841 3840 exitiis
852 3788 949 3842 interii.

128 3846 274 3926 Chryoilus
285 3856 346 3909 med
357 3855 437 3910 hodie
448 3855 590 3911 iicersvitz
608 3855 751 3926 Chrysdlus
762 3862 805 3911 me
816 3857 940 3914 miserum
951 3857 1081 3928 spoliavit.
1249 3904 1251 3910 .

127 3926 168 3981 its
178 3925 223 3981 md
236 3924 322 3981 scelus
333 3943 398 3981 auro
410 3945 494 3999 usque
505 3925 621 3982 ittondit
633 3925 709 3982 dolis
714 3926 798 3983 doctis
810 3926 957 3993 indoctum,
968 3929 999 3981 rit
1009 3927 1123 3984 lubitum
1134 3939 1184 3985 est.
1221 3987 1226 4000 ,

81 4000 97 4048 ³
164 3997 204 4051 ita
214 3997 291 4051 miles
302 4008 431 4052 memorat
441 3997 614 4063 meretricem,
625 4015 704 4070 quam
712 3998 758 4053 ille
766 3997 876 4053 uxorem
888 4014 946 4053 esse
957 3997 1045 4052 aiebas

163 4068 318 4191 omnioqog,
334 4079 366 4122 ut
377 4069 492 4140 quidque
509 4081 597 4124 actum
614 4067 665 4135 est,
683 4079 827 4125 memorati
849 4086 908 4124 eam
928 4067 979 4123 sibi
995 4067 1067 4125 hunc
1085 4087 1184 4126 annum

162 4157 303 4299 relliqiriiin
311 4139 413 4265 {iffi
421 4210 529 4277 fartim,
546 4211 617 4282 qu'od
629 4227 678 4281 ego
690 4211 716 4266 ei
727 4210 905 4267 stultissumus
911 4208 993 4264 homo
997 4212 1169 4336 proniorem.

158 4280 214 4336 hoc
226 4291 276 4346 eet,
287 4280 339 4334 hoc
347 4293 397 4348 est,
408 4283 480 4353 quod
492 4282 652 4355 perocescit:
671 4309 687 4318 -
699 4282 751 4338 hoc
764 4292 805 4337 est
816 4280 932 4347 dimum,
943 4299 996 4352 quo
1026 4283 1185 4355 percrdcior,

160 4368 208 4409 roe
218 4351 271 4408 hoc
282 4351 378 4410 &tons
388 4353 518 4410 ludificari
524 4353 619 4423 ‚immo
631 4351 726 4426 edepol
738 4352 776 4411 sic
786 4352 866 4408 ludos
876 4350 991 4420 ficturo}
