<?xml version="1.0" encoding="UTF-8"?>
<!DOCTYPE html PUBLIC "-//W3C//DTD XHTML 1.0 Transitional//EN"
    "http://www.w3.org/TR/xhtml1/DTD/xhtml1-transitional.dtd">
<html xmlns="http://www.w3.org/1999/xhtml" xml:lang="en" lang="en">
 <head>
  <title>
</title>
<meta http-equiv="Content-Type" content="text/html;charset=utf-8" />
  <meta name='ocr-system' content='tesseract 3.04.00' />
  <meta name='ocr-capabilities' content='ocr_page ocr_carea ocr_par ocr_line ocrx_word'/>
</head>
<body>
  <div class='ocr_page' id='page_1' title='image "./elementadoctrin00hermgoog_0185.png"; bbox 0 0 2694 4866; ppageno 0'>
   <div class='ocr_carea' id='block_1_1' title="bbox 159 326 914 401">
    <p class='ocr_par' dir='ltr' id='par_1_1' title="bbox 159 326 914 401">
     <span class='ocr_line' id='line_1_1' title="bbox 159 326 914 401; baseline 0 -11"><span class='ocrx_word' id='word_1_1' title='bbox 159 340 220 401; x_wconf 84' lang='lat'><strong>150</strong></span> <span class='ocrx_word' id='word_1_2' title='bbox 540 327 622 390; x_wconf 77' lang='grc' dir='ltr'><strong>ΠΒ.</strong></span> <span class='ocrx_word' id='word_1_3' title='bbox 642 327 685 390; x_wconf 92' lang='lat'><strong>11.</strong></span> <span class='ocrx_word' id='word_1_4' title='bbox 704 327 800 391; x_wconf 87' lang='lat' dir='ltr'><strong>CAP.</strong></span> <span class='ocrx_word' id='word_1_5' title='bbox 818 326 914 399; x_wconf 74' lang='grc' dir='ltr'><strong>ΧΧΙ.Ι</strong></span> 
     </span>
    </p>
   </div>
   <div class='ocr_carea' id='block_1_2' title="bbox 234 505 584 620">
    <p class='ocr_par' dir='ltr' id='par_1_2' title="bbox 234 505 584 620">
     <span class='ocr_line' id='line_1_2' title="bbox 234 505 584 620; baseline -0.006 -22"><span class='ocrx_word' id='word_1_6' title='bbox 234 505 370 618; x_wconf 49' lang='lat' dir='ltr'><strong>partimin!</strong></span> <span class='ocrx_word' id='word_1_7' title='bbox 383 535 460 620; x_wconf 69' lang='grc' dir='ltr'><strong><em>φςυί,</em></strong></span> <span class='ocrx_word' id='word_1_8' title='bbox 479 533 527 604; x_wconf 69' lang='lat' dir='ltr'><strong>w&#39;r</strong></span> <span class='ocrx_word' id='word_1_9' title='bbox 542 562 584 610; x_wconf 84' lang='lat' dir='ltr'><strong>m,</strong></span> 
     </span>
    </p>
   </div>
   <div class='ocr_carea' id='block_1_3' title="bbox 152 644 1299 981">
    <p class='ocr_par' dir='ltr' id='par_1_3' title="bbox 152 644 1299 981">
     <span class='ocr_line' id='line_1_3' title="bbox 155 644 1299 736; baseline -0.003 -20"><span class='ocrx_word' id='word_1_10' title='bbox 155 674 253 736; x_wconf 90' lang='lat' dir='ltr'><strong>quem,</strong></span> <span class='ocrx_word' id='word_1_11' title='bbox 275 652 324 734; x_wconf 93' lang='lat' dir='ltr'><strong>qui</strong></span> <span class='ocrx_word' id='word_1_12' title='bbox 347 664 439 714; x_wconf 88' lang='lat' dir='ltr'><strong>totam</strong></span> <span class='ocrx_word' id='word_1_13' title='bbox 459 653 608 733; x_wconf 80' lang='lat' dir='ltr'><strong>stropham</strong></span> <span class='ocrx_word' id='word_1_14' title='bbox 631 651 912 735; x_wconf 70' lang='lat' dir='ltr'><strong>considerantum</strong></span> <span class='ocrx_word' id='word_1_15' title='bbox 925 648 1018 730; x_wconf 77' lang='lat' dir='ltr'><strong>magis</strong></span> <span class='ocrx_word' id='word_1_16' title='bbox 1031 666 1119 730; x_wconf 82' lang='lat' dir='ltr'><strong>quam</strong></span> <span class='ocrx_word' id='word_1_17' title='bbox 1131 668 1204 723; x_wconf 81' lang='lat' dir='ltr'><strong>enm,</strong></span> <span class='ocrx_word' id='word_1_18' title='bbox 1219 644 1255 728; x_wconf 75' lang='lat' dir='ltr'><strong>qd</strong></span> <span class='ocrx_word' id='word_1_19' title='bbox 1297 652 1299 666; x_wconf 77' lang='grc'>’</span> 
     </span>
     <span class='ocr_line' id='line_1_4' title="bbox 152 732 1255 816; baseline -0.006 -18"><span class='ocrx_word' id='word_1_20' title='bbox 152 738 293 816; x_wconf 88' lang='lat' dir='ltr'><strong>requitur,</strong></span> <span class='ocrx_word' id='word_1_21' title='bbox 314 735 491 816; x_wconf 84' lang='lat' dir='ltr'><strong>dactylicum</strong></span> <span class='ocrx_word' id='word_1_22' title='bbox 513 754 577 795; x_wconf 90' lang='lat' dir='ltr'><strong>esse</strong></span> <span class='ocrx_word' id='word_1_23' title='bbox 600 734 755 814; x_wconf 78' lang='lat' dir='ltr'><strong>intelliget,</strong></span> <span class='ocrx_word' id='word_1_24' title='bbox 775 755 834 795; x_wconf 91' lang='lat' dir='ltr'><strong>nou</strong></span> <span class='ocrx_word' id='word_1_25' title='bbox 854 753 873 794; x_wconf 82' lang='lat' dir='ltr'><strong>u</strong></span> <span class='ocrx_word' id='word_1_26' title='bbox 892 733 1010 814; x_wconf 75' lang='lat' dir='ltr'><strong>dactylo</strong></span> <span class='ocrx_word' id='word_1_27' title='bbox 1030 732 1255 814; x_wconf 68' lang='lat' dir='ltr'><strong>sdautispmtn,</strong></span> 
     </span>
     <span class='ocr_line' id='line_1_5' title="bbox 154 813 1253 896; baseline -0.007 -17"><span class='ocrx_word' id='word_1_28' title='bbox 154 819 207 879; x_wconf 81' lang='lat' dir='ltr'><strong>sed</strong></span> <span class='ocrx_word' id='word_1_29' title='bbox 220 820 256 878; x_wconf 83' lang='lat' dir='ltr'><strong>ab</strong></span> <span class='ocrx_word' id='word_1_30' title='bbox 271 818 428 896; x_wconf 78' lang='lat' dir='ltr'><strong>antispasto</strong></span> <span class='ocrx_word' id='word_1_31' title='bbox 442 818 481 878; x_wconf 86' lang='lat' dir='ltr'><strong>ad</strong></span> <span class='ocrx_word' id='word_1_32' title='bbox 493 817 604 877; x_wconf 88' lang='lat' dir='ltr'><strong>iambos</strong></span> <span class='ocrx_word' id='word_1_33' title='bbox 618 819 771 882; x_wconf 76' lang='lat' dir='ltr'><strong>transitur:</strong></span> <span class='ocrx_word' id='word_1_34' title='bbox 790 816 926 895; x_wconf 84' lang='lat' dir='ltr'><strong>idemque</strong></span> <span class='ocrx_word' id='word_1_35' title='bbox 939 815 974 876; x_wconf 84' lang='lat' dir='ltr'><strong>fit</strong></span> <span class='ocrx_word' id='word_1_36' title='bbox 987 813 1018 875; x_wconf 92' lang='lat' dir='ltr'><strong>in</strong></span> <span class='ocrx_word' id='word_1_37' title='bbox 1031 825 1181 895; x_wconf 78' lang='lat' dir='ltr'><strong>sequente,</strong></span> <span class='ocrx_word' id='word_1_38' title='bbox 1192 815 1253 895; x_wconf 78' lang='lat' dir='ltr'><strong>cuju</strong></span> 
     </span>
     <span class='ocr_line' id='line_1_6' title="bbox 154 891 1187 981; baseline 0 -19"><span class='ocrx_word' id='word_1_39' title='bbox 154 901 337 962; x_wconf 79' lang='lat' dir='ltr'><strong>usitatissima</strong></span> <span class='ocrx_word' id='word_1_40' title='bbox 350 901 444 958; x_wconf 81' lang='lat' dir='ltr'><strong>ilirma</strong></span> <span class='ocrx_word' id='word_1_41' title='bbox 456 909 510 971; x_wconf 89' lang='lat' dir='ltr'><strong>est,</strong></span> <span class='ocrx_word' id='word_1_42' title='bbox 528 903 590 978; x_wconf 84' lang='lat' dir='ltr'><strong>jam</strong></span> <span class='ocrx_word' id='word_1_43' title='bbox 603 917 692 979; x_wconf 84' lang='lat' dir='ltr'><strong>supra</strong></span> <span class='ocrx_word' id='word_1_44' title='bbox 704 917 723 959; x_wconf 89' lang='lat' dir='ltr'><strong>a</strong></span> <span class='ocrx_word' id='word_1_45' title='bbox 735 891 818 959; x_wconf 87' lang='lat' dir='ltr'><strong>nobis</strong></span> <span class='ocrx_word' id='word_1_46' title='bbox 833 907 1071 973; x_wconf 80' lang='lat' dir='ltr'><strong>commemorato,</strong></span> <span class='ocrx_word' id='word_1_47' title='bbox 1161 956 1163 961; x_wconf 93' lang='lat'><em>.</em></span> <span class='ocrx_word' id='word_1_48' title='bbox 1184 969 1187 981; x_wconf 35' lang='grc' dir='ltr'>Ι</span> 
     </span>
    </p>
   </div>
   <div class='ocr_carea' id='block_1_4' title="bbox 106 1030 1224 1362">
    <p class='ocr_par' dir='ltr' id='par_1_4' title="bbox 106 1030 1224 1362">
     <span class='ocr_line' id='line_1_7' title="bbox 233 1030 550 1116; baseline 0.009 -23"><span class='ocrx_word' id='word_1_49' title='bbox 233 1030 550 1116; x_wconf 57' lang='lat' dir='ltr'><strong>„mssutosso</strong></span> 
     </span>
     <span class='ocr_line' id='line_1_8' title="bbox 233 1144 1120 1232; baseline -0.003 -19"><span class='ocrx_word' id='word_1_50' title='bbox 233 1144 653 1232; x_wconf 38' lang='lat' dir='ltr'><strong>..amatim--</strong></span> <span class='ocrx_word' id='word_1_51' title='bbox 1118 1214 1120 1219; x_wconf 72' lang='grc'><strong>,</strong></span> 
     </span>
     <span class='ocr_line' id='line_1_9' title="bbox 106 1267 1224 1362; baseline 0 -22"><span class='ocrx_word' id='word_1_52' title='bbox 106 1267 112 1274; x_wconf 60' lang='grc'><strong>’</strong></span> <span class='ocrx_word' id='word_1_53' title='bbox 153 1283 223 1350; x_wconf 82' lang='lat' dir='ltr'><strong>Quo</strong></span> <span class='ocrx_word' id='word_1_54' title='bbox 236 1278 349 1340; x_wconf 78' lang='lat' dir='ltr'><strong>facilius</strong></span> <span class='ocrx_word' id='word_1_55' title='bbox 362 1278 484 1358; x_wconf 86' lang='lat' dir='ltr'><strong>quilibet</strong></span> <span class='ocrx_word' id='word_1_56' title='bbox 493 1280 627 1361; x_wconf 86' lang='lat' dir='ltr'><strong>judicare</strong></span> <span class='ocrx_word' id='word_1_57' title='bbox 640 1279 742 1360; x_wconf 85' lang='lat' dir='ltr'><strong>possit,</strong></span> <span class='ocrx_word' id='word_1_58' title='bbox 764 1289 858 1340; x_wconf 83' lang='lat' dir='ltr'><strong>totam</strong></span> <span class='ocrx_word' id='word_1_59' title='bbox 871 1277 1022 1362; x_wconf 81' lang='lat' dir='ltr'><strong>stropham</strong></span> <span class='ocrx_word' id='word_1_60' title='bbox 1035 1276 1224 1343; x_wconf 73' lang='lat' dir='ltr'><strong>adscribimus</strong></span> 
     </span>
    </p>
   </div>
   <div class='ocr_carea' id='block_1_5' title="bbox 214 1413 893 1823">
    <p class='ocr_par' dir='ltr' id='par_1_5' title="bbox 233 1413 666 1494">
     <span class='ocr_line' id='line_1_10' title="bbox 233 1413 666 1494; baseline 0.002 -19"><span class='ocrx_word' id='word_1_61' title='bbox 233 1413 376 1494; x_wconf 73' lang='grc' dir='ltr'><strong>ἰπεΰχομαιι</strong></span> <span class='ocrx_word' id='word_1_62' title='bbox 385 1413 476 1475; x_wconf 70' lang='lat' dir='ltr'><strong>-raids</strong></span> <span class='ocrx_word' id='word_1_63' title='bbox 488 1416 531 1493; x_wconf 71' lang='lat' dir='ltr'><strong>ptis</strong></span> <span class='ocrx_word' id='word_1_64' title='bbox 545 1417 666 1494; x_wconf 65' lang='lat' dir='ltr'><strong>tdroxtir,</strong></span> 
     </span>
    </p>

    <p class='ocr_par' dir='ltr' id='par_1_6' title="bbox 214 1494 893 1823">
     <span class='ocr_line' id='line_1_11' title="bbox 214 1494 893 1578; baseline 0.003 -22"><span class='ocrx_word' id='word_1_65' title='bbox 214 1496 258 1556; x_wconf 65' lang='lat' dir='ltr'><strong>*bl</strong></span> <span class='ocrx_word' id='word_1_66' title='bbox 267 1533 289 1546; x_wconf 93' lang='lat'>-</span> <span class='ocrx_word' id='word_1_67' title='bbox 297 1495 415 1578; x_wconf 56' lang='lat' dir='ltr'><strong>aepdptatx’</strong></span> <span class='ocrx_word' id='word_1_68' title='bbox 430 1499 490 1573; x_wconf 68' lang='grc' dir='ltr'><strong>ἔμὸν</strong></span> <span class='ocrx_word' id='word_1_69' title='bbox 503 1494 592 1575; x_wconf 68' lang='lat' dir='ltr'><strong>dipem,</strong></span> <span class='ocrx_word' id='word_1_70' title='bbox 602 1535 624 1548; x_wconf 91' lang='lat'><em>-</em></span> <span class='ocrx_word' id='word_1_71' title='bbox 633 1504 696 1558; x_wconf 73' lang='lat' dir='ltr'><strong>rain</strong></span> <span class='ocrx_word' id='word_1_72' title='bbox 709 1495 735 1556; x_wconf 71' lang='lat' dir='ltr'><strong>di</strong></span> <span class='ocrx_word' id='word_1_73' title='bbox 748 1495 893 1578; x_wconf 67' lang='grc' dir='ltr'><strong>δυστυχῶ.</strong></span> 
     </span>
     <span class='ocr_line' id='line_1_12' title="bbox 233 1575 782 1660; baseline 0.004 -22"><span class='ocrx_word' id='word_1_74' title='bbox 233 1579 264 1644; x_wconf 66' lang='grc' dir='ltr'><strong>ὃς</strong></span> <span class='ocrx_word' id='word_1_75' title='bbox 278 1575 300 1637; x_wconf 74' lang='lat' dir='ltr'><strong>d&#39;</strong></span> <span class='ocrx_word' id='word_1_76' title='bbox 314 1578 451 1660; x_wconf 67' lang='grc' dir='ltr'><strong>ὗπὶςιυχι</strong></span> <span class='ocrx_word' id='word_1_77' title='bbox 464 1579 504 1647; x_wconf 65' lang='lat' dir='ltr'><strong>dei</strong></span> <span class='ocrx_word' id='word_1_78' title='bbox 513 1577 626 1658; x_wconf 58' lang='grc' dir='ltr'><strong><em>-ζονὰιν</em></strong></span> <span class='ocrx_word' id='word_1_79' title='bbox 637 1580 679 1641; x_wconf 72' lang='lat' dir='ltr'><strong>ixl</strong></span> <span class='ocrx_word' id='word_1_80' title='bbox 691 1577 782 1640; x_wconf 58' lang='grc' dir='ltr'>πτίλα</span> 
     </span>
     <span class='ocr_line' id='line_1_13' title="bbox 234 1659 613 1742; baseline 0.008 -25"><span class='ocrx_word' id='word_1_81' title='bbox 234 1659 369 1738; x_wconf 57' lang='grc' dir='ltr'><strong>μιηομὲνζι</strong></span> <span class='ocrx_word' id='word_1_82' title='bbox 384 1675 459 1742; x_wconf 61' lang='lat' dir='ltr'><strong>opt·</strong></span> <span class='ocrx_word' id='word_1_83' title='bbox 469 1661 498 1731; x_wconf 78' lang='grc' dir='ltr'><strong>η’,</strong></span> <span class='ocrx_word' id='word_1_84' title='bbox 519 1663 567 1727; x_wconf 63' lang='grc' dir='ltr'><strong>τίς</strong></span> <span class='ocrx_word' id='word_1_85' title='bbox 582 1687 613 1720; x_wconf 81' lang='lat' dir='ltr'><strong>stt</strong></span> 
     </span>
     <span class='ocr_line' id='line_1_14' title="bbox 217 1739 677 1823; baseline 0.007 -23"><span class='ocrx_word' id='word_1_86' title='bbox 217 1752 223 1761; x_wconf 90' lang='grc'><strong>’</strong></span> <span class='ocrx_word' id='word_1_87' title='bbox 235 1742 293 1808; x_wconf 74' lang='grc' dir='ltr'><strong>Ζιὺς</strong></span> <span class='ocrx_word' id='word_1_88' title='bbox 305 1741 405 1823; x_wconf 65' lang='lat' dir='ltr'><strong>spira&lt;</strong></span> <span class='ocrx_word' id='word_1_89' title='bbox 421 1743 453 1802; x_wconf 74' lang='lat' dir='ltr'><strong>is·</strong></span> <span class='ocrx_word' id='word_1_90' title='bbox 461 1739 536 1803; x_wconf 78' lang='lat' dir='ltr'><strong>-t&#39;dst</strong></span> <span class='ocrx_word' id='word_1_91' title='bbox 549 1744 677 1803; x_wconf 74' lang='lat' dir='ltr'><strong>maim.</strong></span> 
     </span>
    </p>
   </div>
   <div class='ocr_carea' id='block_1_6' title="bbox 73 1871 1282 2916">
    <p class='ocr_par' dir='ltr' id='par_1_7' title="bbox 73 1871 1282 2916">
     <span class='ocr_line' id='line_1_15' title="bbox 192 1871 1261 1955; baseline -0.006 -20"><span class='ocrx_word' id='word_1_92' title='bbox 192 1875 242 1935; x_wconf 72' lang='lat'><strong>20.</strong></span> <span class='ocrx_word' id='word_1_93' title='bbox 263 1871 401 1951; x_wconf 90' lang='lat' dir='ltr'><strong>Denique</strong></span> <span class='ocrx_word' id='word_1_94' title='bbox 415 1873 560 1934; x_wconf 84' lang='lat' dir='ltr'><strong>trochaeus</strong></span> <span class='ocrx_word' id='word_1_95' title='bbox 574 1875 733 1954; x_wconf 85' lang='lat' dir='ltr'><strong>antispasto</strong></span> <span class='ocrx_word' id='word_1_96' title='bbox 748 1885 808 1936; x_wconf 84' lang='lat' dir='ltr'><strong>tam</strong></span> <span class='ocrx_word' id='word_1_97' title='bbox 822 1891 889 1934; x_wconf 87' lang='lat' dir='ltr'><strong>raro</strong></span> <span class='ocrx_word' id='word_1_98' title='bbox 908 1871 1105 1955; x_wconf 69' lang='lat' dir='ltr'><strong>premittitur,</strong></span> <span class='ocrx_word' id='word_1_99' title='bbox 1129 1882 1261 1934; x_wconf 78' lang='lat' dir='ltr'><strong>utetttt</strong></span> 
     </span>
     <span class='ocr_line' id='line_1_16' title="bbox 153 1934 1260 2036; baseline -0.001 -23"><span class='ocrx_word' id='word_1_100' title='bbox 153 1954 257 2034; x_wconf 86' lang='lat' dir='ltr'><strong>magis,</strong></span> <span class='ocrx_word' id='word_1_101' title='bbox 277 1973 315 2013; x_wconf 92' lang='lat' dir='ltr'><strong>ne</strong></span> <span class='ocrx_word' id='word_1_102' title='bbox 328 1956 476 2034; x_wconf 83' lang='lat' dir='ltr'><strong>proeterita</strong></span> <span class='ocrx_word' id='word_1_103' title='bbox 490 1975 552 2015; x_wconf 88' lang='lat' dir='ltr'><strong>esse</strong></span> <span class='ocrx_word' id='word_1_104' title='bbox 565 1955 708 2027; x_wconf 85' lang='lat' dir='ltr'><strong>videatur,</strong></span> <span class='ocrx_word' id='word_1_105' title='bbox 730 1975 817 2036; x_wconf 86' lang='lat' dir='ltr'><strong>quam</strong></span> <span class='ocrx_word' id='word_1_106' title='bbox 831 1968 863 2016; x_wconf 93' lang='lat' dir='ltr'><strong>ut</strong></span> <span class='ocrx_word' id='word_1_107' title='bbox 877 1956 1052 2035; x_wconf 80' lang='lat' dir='ltr'><strong>explicetur,</strong></span> <span class='ocrx_word' id='word_1_108' title='bbox 1065 1934 1260 2016; x_wconf 77' lang='lat' dir='ltr'><strong>commemornl</strong></span> 
     </span>
     <span class='ocr_line' id='line_1_17' title="bbox 152 2034 1260 2117; baseline -0.003 -20"><span class='ocrx_word' id='word_1_109' title='bbox 152 2035 267 2099; x_wconf 82' lang='lat' dir='ltr'><strong>debeat.</strong></span> <span class='ocrx_word' id='word_1_110' title='bbox 312 2039 480 2117; x_wconf 85' lang='lat' dir='ltr'><strong>Quumque,</strong></span> <span class='ocrx_word' id='word_1_111' title='bbox 500 2038 580 2117; x_wconf 92' lang='lat' dir='ltr'><strong>quod</strong></span> <span class='ocrx_word' id='word_1_112' title='bbox 594 2057 651 2117; x_wconf 85' lang='lat' dir='ltr'><strong>ego</strong></span> <span class='ocrx_word' id='word_1_113' title='bbox 664 2039 765 2110; x_wconf 89' lang='lat' dir='ltr'><strong>sciam,</strong></span> <span class='ocrx_word' id='word_1_114' title='bbox 785 2057 845 2098; x_wconf 92' lang='lat' dir='ltr'><strong>non</strong></span> <span class='ocrx_word' id='word_1_115' title='bbox 859 2039 996 2098; x_wconf 81' lang='lat' dir='ltr'><strong>uitiante</strong></span> <span class='ocrx_word' id='word_1_116' title='bbox 1015 2037 1183 2098; x_wconf 82' lang='lat' dir='ltr'><strong>dochmium</strong></span> <span class='ocrx_word' id='word_1_117' title='bbox 1199 2034 1260 2094; x_wconf 75' lang='lat' dir='ltr'><strong>intu-</strong></span> 
     </span>
     <span class='ocr_line' id='line_1_18' title="bbox 153 2114 1261 2199; baseline -0.002 -22"><span class='ocrx_word' id='word_1_118' title='bbox 153 2117 251 2178; x_wconf 87' lang='lat' dir='ltr'><strong>niatur</strong></span> <span class='ocrx_word' id='word_1_119' title='bbox 265 2119 419 2192; x_wconf 84' lang='lat' dir='ltr'><strong>trochaeus,</strong></span> <span class='ocrx_word' id='word_1_120' title='bbox 431 2117 492 2192; x_wconf 80' lang='lat' dir='ltr'><strong>ibi,</strong></span> <span class='ocrx_word' id='word_1_121' title='bbox 513 2120 563 2178; x_wconf 92' lang='lat' dir='ltr'><strong>ubi</strong></span> <span class='ocrx_word' id='word_1_122' title='bbox 576 2118 615 2178; x_wconf 89' lang='lat' dir='ltr'><strong>de</strong></span> <span class='ocrx_word' id='word_1_123' title='bbox 635 2119 680 2178; x_wconf 90' lang='lat' dir='ltr'><strong>his</strong></span> <span class='ocrx_word' id='word_1_124' title='bbox 700 2121 825 2193; x_wconf 89' lang='lat' dir='ltr'><strong>dicetur,</strong></span> <span class='ocrx_word' id='word_1_125' title='bbox 846 2119 1023 2179; x_wconf 85' lang='lat' dir='ltr'><strong>mentionem</strong></span> <span class='ocrx_word' id='word_1_126' title='bbox 1049 2123 1112 2199; x_wconf 86' lang='lat' dir='ltr'><strong>ejus</strong></span> <span class='ocrx_word' id='word_1_127' title='bbox 1135 2114 1261 2178; x_wconf 71' lang='lat' dir='ltr'><strong>facienti</strong></span> 
     </span>
     <span class='ocr_line' id='line_1_19' title="bbox 153 2197 1260 2283; baseline 0.001 -24"><span class='ocrx_word' id='word_1_128' title='bbox 153 2198 296 2280; x_wconf 89' lang='lat' dir='ltr'><strong>Idemque</strong></span> <span class='ocrx_word' id='word_1_129' title='bbox 309 2201 420 2260; x_wconf 87' lang='lat' dir='ltr'><strong>dictum</strong></span> <span class='ocrx_word' id='word_1_130' title='bbox 434 2201 501 2260; x_wconf 86' lang='lat' dir='ltr'><strong>volo</strong></span> <span class='ocrx_word' id='word_1_131' title='bbox 522 2201 558 2261; x_wconf 91' lang='lat' dir='ltr'><strong>de</strong></span> <span class='ocrx_word' id='word_1_132' title='bbox 578 2202 757 2280; x_wconf 88' lang='lat' dir='ltr'><strong>pyrrhichio,</strong></span> <span class='ocrx_word' id='word_1_133' title='bbox 777 2202 934 2273; x_wconf 88' lang='lat' dir='ltr'><strong>tribracho,</strong></span> <span class='ocrx_word' id='word_1_134' title='bbox 963 2213 994 2261; x_wconf 93' lang='lat' dir='ltr'><strong>et</strong></span> <span class='ocrx_word' id='word_1_135' title='bbox 1006 2197 1260 2283; x_wconf 63' lang='lat' dir='ltr'><strong>⁴proceleusmtttim.</strong></span> 
     </span>
     <span class='ocr_line' id='line_1_20' title="bbox 155 2275 1261 2362; baseline 0 -22"><span class='ocrx_word' id='word_1_136' title='bbox 155 2282 206 2362; x_wconf 96' lang='lat' dir='ltr'><strong>qui</strong></span> <span class='ocrx_word' id='word_1_137' title='bbox 219 2284 309 2361; x_wconf 89' lang='lat' dir='ltr'><strong>pedes</strong></span> <span class='ocrx_word' id='word_1_138' title='bbox 322 2302 398 2360; x_wconf 85' lang='lat' dir='ltr'><strong>saepe</strong></span> <span class='ocrx_word' id='word_1_139' title='bbox 413 2302 480 2341; x_wconf 87' lang='lat' dir='ltr'><strong>cum</strong></span> <span class='ocrx_word' id='word_1_140' title='bbox 494 2282 636 2342; x_wconf 88' lang='lat' dir='ltr'><strong>dochmiis</strong></span> <span class='ocrx_word' id='word_1_141' title='bbox 650 2283 808 2343; x_wconf 72' lang='lat' dir='ltr'><strong>cohaerent.</strong></span> <span class='ocrx_word' id='word_1_142' title='bbox 850 2283 912 2342; x_wconf 86' lang='lat' dir='ltr'><strong>Alii</strong></span> <span class='ocrx_word' id='word_1_143' title='bbox 931 2283 1045 2342; x_wconf 80' lang='lat' dir='ltr'><strong>numeri</strong></span> <span class='ocrx_word' id='word_1_144' title='bbox 1065 2283 1090 2342; x_wconf 88' lang='lat' dir='ltr'><strong>si</strong></span> <span class='ocrx_word' id='word_1_145' title='bbox 1109 2275 1261 2342; x_wconf 69' lang='lat' dir='ltr'><strong>rostanni·</strong></span> 
     </span>
     <span class='ocr_line' id='line_1_21' title="bbox 73 2354 1267 2452; baseline 0.002 -30"><span class='ocrx_word' id='word_1_146' title='bbox 73 2430 75 2434; x_wconf 22' lang='lat'><strong>¹</strong></span> <span class='ocrx_word' id='word_1_147' title='bbox 155 2364 259 2442; x_wconf 76' lang='lat' dir='ltr'><strong>spartis</strong></span> <span class='ocrx_word' id='word_1_148' title='bbox 279 2364 376 2442; x_wconf 87' lang='lat' dir='ltr'><strong>juncti</strong></span> <span class='ocrx_word' id='word_1_149' title='bbox 399 2365 591 2442; x_wconf 86' lang='lat' dir='ltr'><strong>reperiantur,</strong></span> <span class='ocrx_word' id='word_1_150' title='bbox 612 2365 748 2443; x_wconf 87' lang='lat' dir='ltr'><strong>qnoniam</strong></span> <span class='ocrx_word' id='word_1_151' title='bbox 762 2365 834 2423; x_wconf 93' lang='lat' dir='ltr'><strong>nihil</strong></span> <span class='ocrx_word' id='word_1_152' title='bbox 854 2383 891 2424; x_wconf 91' lang='lat' dir='ltr'><strong>ea</strong></span> <span class='ocrx_word' id='word_1_153' title='bbox 903 2364 1076 2444; x_wconf 87' lang='lat' dir='ltr'><strong>compositio</strong></span> <span class='ocrx_word' id='word_1_154' title='bbox 1089 2365 1188 2433; x_wconf 66' lang='lat' dir='ltr'><strong>habete</strong></span> <span class='ocrx_word' id='word_1_155' title='bbox 1200 2354 1267 2452; x_wconf 63' lang='lat' dir='ltr'><strong>quod</strong></span> 
     </span>
     <span class='ocr_line' id='line_1_22' title="bbox 155 2444 1276 2526; baseline 0.004 -24"><span class='ocrx_word' id='word_1_156' title='bbox 155 2445 344 2511; x_wconf 81' lang='lat' dir='ltr'><strong>memorabile</strong></span> <span class='ocrx_word' id='word_1_157' title='bbox 357 2444 404 2516; x_wconf 92' lang='lat' dir='ltr'><strong>sit,</strong></span> <span class='ocrx_word' id='word_1_158' title='bbox 424 2445 496 2502; x_wconf 90' lang='lat' dir='ltr'><strong>nihil</strong></span> <span class='ocrx_word' id='word_1_159' title='bbox 509 2464 562 2504; x_wconf 92' lang='lat' dir='ltr'><strong>nos</strong></span> <span class='ocrx_word' id='word_1_160' title='bbox 576 2447 776 2515; x_wconf 86' lang='lat' dir='ltr'><strong>morabuntur,</strong></span> <span class='ocrx_word' id='word_1_161' title='bbox 797 2447 886 2507; x_wconf 86' lang='lat' dir='ltr'><strong>veluti</strong></span> <span class='ocrx_word' id='word_1_162' title='bbox 901 2465 990 2526; x_wconf 93' lang='lat' dir='ltr'><strong>quum</strong></span> <span class='ocrx_word' id='word_1_163' title='bbox 1004 2447 1119 2506; x_wconf 89' lang='lat' dir='ltr'><strong>duobus</strong></span> <span class='ocrx_word' id='word_1_164' title='bbox 1132 2451 1276 2525; x_wconf 65' lang='lat' dir='ltr'><strong>ansperti</strong></span> 
     </span>
     <span class='ocr_line' id='line_1_23' title="bbox 155 2516 1263 2610; baseline 0.002 -25"><span class='ocrx_word' id='word_1_165' title='bbox 155 2525 309 2602; x_wconf 86' lang='lat' dir='ltr'><strong>subjicitur</strong></span> <span class='ocrx_word' id='word_1_166' title='bbox 322 2525 507 2605; x_wconf 88' lang='lat' dir='ltr'><strong>antispastus,</strong></span> <span class='ocrx_word' id='word_1_167' title='bbox 522 2525 546 2584; x_wconf 85' lang='lat' dir='ltr'><strong>si</strong></span> <span class='ocrx_word' id='word_1_168' title='bbox 560 2525 676 2605; x_wconf 89' lang='lat' dir='ltr'><strong>quidem</strong></span> <span class='ocrx_word' id='word_1_169' title='bbox 690 2529 755 2587; x_wconf 82' lang='lat' dir='ltr'><strong>haec</strong></span> <span class='ocrx_word' id='word_1_170' title='bbox 768 2548 814 2589; x_wconf 88' lang='lat' dir='ltr'><strong>res</strong></span> <span class='ocrx_word' id='word_1_171' title='bbox 828 2531 897 2589; x_wconf 84' lang='lat' dir='ltr'><strong>satis</strong></span> <span class='ocrx_word' id='word_1_172' title='bbox 912 2539 993 2588; x_wconf 87' lang='lat' dir='ltr'><strong>certa</strong></span> <span class='ocrx_word' id='word_1_173' title='bbox 1006 2539 1063 2601; x_wconf 90' lang='lat' dir='ltr'><strong>est,</strong></span> <span class='ocrx_word' id='word_1_174' title='bbox 1075 2533 1160 2610; x_wconf 83' lang='lat' dir='ltr'><strong>cujus</strong></span> <span class='ocrx_word' id='word_1_175' title='bbox 1169 2516 1263 2607; x_wconf 68' lang='lat' dir='ltr'><strong>gentil!</strong></span> 
     </span>
     <span class='ocr_line' id='line_1_24' title="bbox 156 2598 1263 2690; baseline -0.001 -24"><span class='ocrx_word' id='word_1_176' title='bbox 156 2605 292 2685; x_wconf 81' lang='lat' dir='ltr'><strong>exempla</strong></span> <span class='ocrx_word' id='word_1_177' title='bbox 307 2606 452 2669; x_wconf 88' lang='lat' dir='ltr'><strong>Seidlerus</strong></span> <span class='ocrx_word' id='word_1_178' title='bbox 463 2607 560 2667; x_wconf 89' lang='lat' dir='ltr'><strong>attulit</strong></span> <span class='ocrx_word' id='word_1_179' title='bbox 574 2630 603 2688; x_wconf 91' lang='lat' dir='ltr'><strong>p.</strong></span> <span class='ocrx_word' id='word_1_180' title='bbox 620 2615 687 2670; x_wconf 80' lang='grc'><strong>139.</strong></span> <span class='ocrx_word' id='word_1_181' title='bbox 702 2629 763 2689; x_wconf 86' lang='lat' dir='ltr'><strong>seq.</strong></span> <span class='ocrx_word' id='word_1_182' title='bbox 803 2610 858 2670; x_wconf 94' lang='lat' dir='ltr'><strong>Ille</strong></span> <span class='ocrx_word' id='word_1_183' title='bbox 878 2625 947 2670; x_wconf 81' lang='lat' dir='ltr'><strong>vero</strong></span> <span class='ocrx_word' id='word_1_184' title='bbox 967 2620 1079 2683; x_wconf 71' lang='lat' dir='ltr'><strong>versus,</strong></span> <span class='ocrx_word' id='word_1_185' title='bbox 1100 2614 1186 2690; x_wconf 82' lang='lat' dir='ltr'><strong>quem</strong></span> <span class='ocrx_word' id='word_1_186' title='bbox 1200 2598 1263 2689; x_wconf 73' lang='lat' dir='ltr'><strong>itm]</strong></span> 
     </span>
     <span class='ocr_line' id='line_1_25' title="bbox 156 2684 1263 2773; baseline 0.001 -26"><span class='ocrx_word' id='word_1_187' title='bbox 156 2705 193 2747; x_wconf 88' lang='lat' dir='ltr'><strong>eo</strong></span> <span class='ocrx_word' id='word_1_188' title='bbox 207 2686 273 2749; x_wconf 89' lang='lat' dir='ltr'><strong>loco</strong></span> <span class='ocrx_word' id='word_1_189' title='bbox 287 2706 324 2748; x_wconf 81' lang='lat' dir='ltr'><strong>ex</strong></span> <span class='ocrx_word' id='word_1_190' title='bbox 341 2689 465 2749; x_wconf 87' lang='lat' dir='ltr'><strong>Bacchis</strong></span> <span class='ocrx_word' id='word_1_191' title='bbox 482 2696 569 2752; x_wconf 81' lang='grc'><strong>1036.</strong></span> <span class='ocrx_word' id='word_1_192' title='bbox 584 2691 702 2773; x_wconf 84' lang='lat' dir='ltr'><strong>adjecit,</strong></span> <span class='ocrx_word' id='word_1_193' title='bbox 722 2711 783 2751; x_wconf 92' lang='lat' dir='ltr'><strong>non</strong></span> <span class='ocrx_word' id='word_1_194' title='bbox 795 2692 895 2751; x_wconf 84' lang='lat' dir='ltr'><strong>linitur</strong></span> <span class='ocrx_word' id='word_1_195' title='bbox 908 2691 1079 2771; x_wconf 87' lang='lat' dir='ltr'><strong>antispasto,</strong></span> <span class='ocrx_word' id='word_1_196' title='bbox 1098 2689 1151 2751; x_wconf 86' lang='lat' dir='ltr'><strong>sed</strong></span> <span class='ocrx_word' id='word_1_197' title='bbox 1171 2684 1263 2750; x_wconf 71' lang='lat' dir='ltr'><strong>tuot·</strong></span> 
     </span>
     <span class='ocr_line' id='line_1_26' title="bbox 148 2763 1282 2912; baseline 0.004 -82"><span class='ocrx_word' id='word_1_198' title='bbox 148 2769 321 2912; x_wconf 55' lang='lat' dir='ltr'><strong>&#39;antispaqtlis</strong></span> <span class='ocrx_word' id='word_1_199' title='bbox 334 2772 500 2851; x_wconf 87' lang='lat' dir='ltr'><strong>subjectum</strong></span> <span class='ocrx_word' id='word_1_200' title='bbox 513 2772 602 2834; x_wconf 89' lang='lat' dir='ltr'><strong>habet</strong></span> <span class='ocrx_word' id='word_1_201' title='bbox 615 2774 784 2850; x_wconf 88' lang='lat' dir='ltr'><strong>molossum,</strong></span> <span class='ocrx_word' id='word_1_202' title='bbox 797 2774 835 2836; x_wconf 91' lang='lat' dir='ltr'><strong>de</strong></span> <span class='ocrx_word' id='word_1_203' title='bbox 849 2791 908 2856; x_wconf 92' lang='lat' dir='ltr'><strong>quo</strong></span> <span class='ocrx_word' id='word_1_204' title='bbox 920 2772 997 2856; x_wconf 83' lang='lat' dir='ltr'><strong>pede</strong></span> <span class='ocrx_word' id='word_1_205' title='bbox 1009 2771 1042 2836; x_wconf 84' lang='lat' dir='ltr'><strong>in</strong></span> <span class='ocrx_word' id='word_1_206' title='bbox 1054 2771 1183 2837; x_wconf 77' lang='lat' dir='ltr'><strong>versibus</strong></span> <span class='ocrx_word' id='word_1_207' title='bbox 1192 2763 1260 2830; x_wconf 58' lang='grc' dir='ltr'><strong>Μ’</strong></span> <span class='ocrx_word' id='word_1_208' title='bbox 1279 2830 1282 2835; x_wconf 92' lang='grc'>,</span> 
     </span>
     <span class='ocr_line' id='line_1_27' title="bbox 107 2853 1025 2916; baseline 0.005 -4"><span class='ocrx_word' id='word_1_209' title='bbox 107 2862 256 2912; x_wconf 75' lang='lat' dir='ltr'><strong>¹·m1ac1s</strong></span> <span class='ocrx_word' id='word_1_210' title='bbox 291 2853 417 2916; x_wconf 78' lang='lat' dir='ltr'><strong>&#39;cemust</strong></span> <span class='ocrx_word' id='word_1_211' title='bbox 1021 2860 1025 2873; x_wconf 76' lang='lat'><strong>²</strong></span> 
     </span>
    </p>
   </div>
   <div class='ocr_carea' id='block_1_7' title="bbox 202 2965 724 3046">
    <p class='ocr_par' dir='ltr' id='par_1_8' title="bbox 202 2965 724 3046">
     <span class='ocr_line' id='line_1_28' title="bbox 202 2965 724 3046; baseline 0.011 -18"><span class='ocrx_word' id='word_1_212' title='bbox 202 2978 207 2989; x_wconf 97' lang='grc'>’</span> <span class='ocrx_word' id='word_1_213' title='bbox 235 2965 389 3041; x_wconf 63' lang='lat' dir='ltr'><strong>{Aeliana</strong></span> <span class='ocrx_word' id='word_1_214' title='bbox 410 2969 566 3046; x_wconf 66' lang='lat' dir='ltr'><strong>imitata,</strong></span> <span class='ocrx_word' id='word_1_215' title='bbox 586 2973 614 3034; x_wconf 74' lang='lat' dir='ltr'><strong>oi</strong></span> <span class='ocrx_word' id='word_1_216' title='bbox 627 2977 724 3046; x_wconf 64' lang='grc' dir='ltr'><strong>Θῆβιιι</strong></span> 
     </span>
    </p>
   </div>
   <div class='ocr_carea' id='block_1_8' title="bbox 595 3296 1017 3443">
    <p class='ocr_par' dir='ltr' id='par_1_9' title="bbox 595 3296 1017 3443">
     <span class='ocr_line' id='line_1_29' title="bbox 595 3296 1017 3443; baseline -0.002 -37"><span class='ocrx_word' id='word_1_217' title='bbox 595 3323 711 3443; x_wconf 77' lang='lat' dir='ltr'><strong>cAr.</strong></span> <span class='ocrx_word' id='word_1_218' title='bbox 737 3327 851 3406; x_wconf 85' lang='lat' dir='ltr'>xx1.</span> <span class='ocrx_word' id='word_1_219' title='bbox 912 3334 914 3339; x_wconf 49' lang='lat'><strong><em>¹</em></strong></span> <span class='ocrx_word' id='word_1_220' title='bbox 1014 3296 1017 3301; x_wconf 61' lang='lat'><strong><em>‘</em></strong></span> 
     </span>
    </p>
   </div>
   <div class='ocr_carea' id='block_1_9' title="bbox 453 3531 988 3595">
    <p class='ocr_par' dir='ltr' id='par_1_10' title="bbox 453 3531 988 3595">
     <span class='ocr_line' id='line_1_30' title="bbox 453 3531 988 3595; baseline 0.002 -10"><span class='ocrx_word' id='word_1_221' title='bbox 453 3531 505 3586; x_wconf 78' lang='lat' dir='ltr'><strong>Du</strong></span> <span class='ocrx_word' id='word_1_222' title='bbox 529 3533 716 3595; x_wconf 62' lang='lat' dir='ltr'><strong>vultsmus,</strong></span> <span class='ocrx_word' id='word_1_223' title='bbox 734 3532 988 3588; x_wconf 71' lang='lat' dir='ltr'><strong>nocetnssncts.</strong></span> 
     </span>
    </p>
   </div>
   <div class='ocr_carea' id='block_1_10' title="bbox 154 3685 1280 4353">
    <p class='ocr_par' dir='ltr' id='par_1_11' title="bbox 154 3685 1280 4353">
     <span class='ocr_line' id='line_1_31' title="bbox 197 3685 1257 3777; baseline 0.012 -31"><span class='ocrx_word' id='word_1_224' title='bbox 197 3687 227 3746; x_wconf 89' lang='lat'><strong>1.</strong></span> <span class='ocrx_word' id='word_1_225' title='bbox 241 3685 459 3750; x_wconf 89' lang='lat' dir='ltr'><strong>Nobilissimum</strong></span> <span class='ocrx_word' id='word_1_226' title='bbox 479 3713 573 3773; x_wconf 85' lang='lat' dir='ltr'><strong>genus</strong></span> <span class='ocrx_word' id='word_1_227' title='bbox 592 3694 678 3755; x_wconf 90' lang='lat' dir='ltr'><strong>metri</strong></span> <span class='ocrx_word' id='word_1_228' title='bbox 699 3693 904 3754; x_wconf 88' lang='lat' dir='ltr'><strong>dochmiacnm</strong></span> <span class='ocrx_word' id='word_1_229' title='bbox 925 3704 980 3766; x_wconf 89' lang='lat' dir='ltr'><strong>est,</strong></span> <span class='ocrx_word' id='word_1_230' title='bbox 1001 3690 1121 3772; x_wconf 85' lang='lat' dir='ltr'><strong>plenum</strong></span> <span class='ocrx_word' id='word_1_231' title='bbox 1140 3685 1257 3777; x_wconf 60' lang='lat' dir='ltr'><strong>moturi</strong></span> 
     </span>
     <span class='ocr_line' id='line_1_32' title="bbox 157 3765 1261 3856; baseline 0.014 -33"><span class='ocrx_word' id='word_1_232' title='bbox 157 3765 332 3844; x_wconf 83' lang='lat' dir='ltr'><strong>agitationis,</strong></span> <span class='ocrx_word' id='word_1_233' title='bbox 352 3771 478 3852; x_wconf 91' lang='lat' dir='ltr'><strong>ideoque</strong></span> <span class='ocrx_word' id='word_1_234' title='bbox 499 3778 648 3855; x_wconf 90' lang='lat' dir='ltr'><strong>proprium</strong></span> <span class='ocrx_word' id='word_1_235' title='bbox 663 3775 824 3855; x_wconf 83' lang='lat' dir='ltr'><strong>tragoediae,</strong></span> <span class='ocrx_word' id='word_1_236' title='bbox 846 3796 885 3835; x_wconf 91' lang='lat' dir='ltr'><strong>ex</strong></span> <span class='ocrx_word' id='word_1_237' title='bbox 906 3794 965 3856; x_wconf 85' lang='lat' dir='ltr'><strong>qua</strong></span> <span class='ocrx_word' id='word_1_238' title='bbox 985 3774 1135 3835; x_wconf 89' lang='lat' dir='ltr'><strong>interdum</strong></span> <span class='ocrx_word' id='word_1_239' title='bbox 1155 3771 1261 3839; x_wconf 75' lang='lat' dir='ltr'><strong>etimtt</strong></span> 
     </span>
     <span class='ocr_line' id='line_1_33' title="bbox 156 3846 1280 3932; baseline 0.004 -27"><span class='ocrx_word' id='word_1_240' title='bbox 156 3850 330 3909; x_wconf 80' lang='lat' dir='ltr'><strong>comoedirim</strong></span> <span class='ocrx_word' id='word_1_241' title='bbox 354 3865 504 3932; x_wconf 88' lang='lat' dir='ltr'><strong>receptum</strong></span> <span class='ocrx_word' id='word_1_242' title='bbox 532 3869 586 3918; x_wconf 89' lang='lat' dir='ltr'><strong>est.</strong></span> <span class='ocrx_word' id='word_1_243' title='bbox 628 3858 734 3918; x_wconf 83' lang='lat' dir='ltr'><strong>Rarius</strong></span> <span class='ocrx_word' id='word_1_244' title='bbox 754 3876 800 3928; x_wconf 91' lang='lat' dir='ltr'><strong>eo,</strong></span> <span class='ocrx_word' id='word_1_245' title='bbox 820 3869 931 3917; x_wconf 87' lang='lat' dir='ltr'><strong>ernon</strong></span> <span class='ocrx_word' id='word_1_246' title='bbox 952 3857 1133 3931; x_wconf 88' lang='lat' dir='ltr'><strong>continuato,</strong></span> <span class='ocrx_word' id='word_1_247' title='bbox 1153 3846 1280 3917; x_wconf 79' lang='lat' dir='ltr'><strong>utrm·</strong></span> 
     </span>
     <span class='ocr_line' id='line_1_34' title="bbox 156 3926 1263 4021; baseline 0.01 -32"><span class='ocrx_word' id='word_1_248' title='bbox 156 3926 250 4006; x_wconf 82' lang='lat' dir='ltr'><strong>lyrici.</strong></span> <span class='ocrx_word' id='word_1_249' title='bbox 291 3934 357 3994; x_wconf 91' lang='lat' dir='ltr'><strong>Nec</strong></span> <span class='ocrx_word' id='word_1_250' title='bbox 377 3935 482 4014; x_wconf 86' lang='lat' dir='ltr'><strong>tragici</strong></span> <span class='ocrx_word' id='word_1_251' title='bbox 496 3956 546 3998; x_wconf 87' lang='lat' dir='ltr'><strong>eos</strong></span> <span class='ocrx_word' id='word_1_252' title='bbox 566 3939 741 4001; x_wconf 82' lang='lat' dir='ltr'><strong>instasimis</strong></span> <span class='ocrx_word' id='word_1_253' title='bbox 761 3940 921 4003; x_wconf 60' lang='lat' dir='ltr'><strong>continuos*</strong></span> <span class='ocrx_word' id='word_1_254' title='bbox 931 3952 1082 4021; x_wconf 82' lang='lat' dir='ltr'><strong>usurpant,</strong></span> <span class='ocrx_word' id='word_1_255' title='bbox 1099 3939 1152 3999; x_wconf 86' lang='lat' dir='ltr'><strong>sed</strong></span> <span class='ocrx_word' id='word_1_256' title='bbox 1171 3928 1263 4009; x_wconf 68' lang='lat' dir='ltr'><strong>anm</strong></span> 
     </span>
     <span class='ocr_line' id='line_1_35' title="bbox 154 4005 1264 4105; baseline 0.013 -40"><span class='ocrx_word' id='word_1_257' title='bbox 154 4005 186 4066; x_wconf 88' lang='lat' dir='ltr'><strong>in</strong></span> <span class='ocrx_word' id='word_1_258' title='bbox 206 4009 251 4105; x_wconf 72' lang='lat' dir='ltr'><strong>iis,</strong></span> <span class='ocrx_word' id='word_1_259' title='bbox 272 4034 338 4092; x_wconf 82' lang='lat' dir='ltr'><strong>quae</strong></span> <span class='ocrx_word' id='word_1_260' title='bbox 356 4023 451 4097; x_wconf 65' lang='lat' dir='ltr'><strong>»appol</strong></span> <span class='ocrx_word' id='word_1_261' title='bbox 464 4028 495 4078; x_wconf 89' lang='lat' dir='ltr'><strong>et</strong></span> <span class='ocrx_word' id='word_1_262' title='bbox 508 4026 560 4080; x_wconf 68' lang='lat' dir='ltr'><strong>hri</strong></span> <span class='ocrx_word' id='word_1_263' title='bbox 581 4030 665 4090; x_wconf 70' lang='grc' dir='ltr'><strong><em>σκηνῆς</em></strong></span> <span class='ocrx_word' id='word_1_264' title='bbox 685 4035 838 4096; x_wconf 87' lang='lat' dir='ltr'><strong>vocantur,</strong></span> <span class='ocrx_word' id='word_1_265' title='bbox 860 4022 890 4080; x_wconf 92' lang='lat' dir='ltr'><strong>in</strong></span> <span class='ocrx_word' id='word_1_266' title='bbox 904 4021 1008 4101; x_wconf 80' lang='lat' dir='ltr'><strong>quibus</strong></span> <span class='ocrx_word' id='word_1_267' title='bbox 1029 4010 1264 4103; x_wconf 79' lang='lat' dir='ltr'><strong>propriasodetti</strong></span> 
     </span>
     <span class='ocr_line' id='line_1_36' title="bbox 155 4093 1265 4184; baseline 0.014 -37"><span class='ocrx_word' id='word_1_268' title='bbox 155 4107 238 4169; x_wconf 78' lang='lat' dir='ltr'><strong>quast</strong></span> <span class='ocrx_word' id='word_1_269' title='bbox 252 4093 429 4159; x_wconf 87' lang='lat' dir='ltr'><strong>domicilium</strong></span> <span class='ocrx_word' id='word_1_270' title='bbox 450 4111 495 4160; x_wconf 90' lang='lat' dir='ltr'><strong>est</strong></span> <span class='ocrx_word' id='word_1_271' title='bbox 508 4102 613 4160; x_wconf 89' lang='lat' dir='ltr'><strong>horum</strong></span> <span class='ocrx_word' id='word_1_272' title='bbox 626 4123 770 4164; x_wconf 87' lang='lat' dir='ltr'><strong>versuum.</strong></span> <span class='ocrx_word' id='word_1_273' title='bbox 813 4104 934 4166; x_wconf 90' lang='lat' dir='ltr'><strong>Metrici</strong></span> <span class='ocrx_word' id='word_1_274' title='bbox 947 4102 1168 4184; x_wconf 80' lang='lat' dir='ltr'><strong>antispasticuib</strong></span> <span class='ocrx_word' id='word_1_275' title='bbox 1185 4106 1265 4161; x_wconf 73' lang='lat' dir='ltr'><strong>moni·</strong></span> 
     </span>
     <span class='ocr_line' id='line_1_37' title="bbox 157 4170 1269 4282; baseline 0.015 -52"><span class='ocrx_word' id='word_1_276' title='bbox 157 4183 283 4233; x_wconf 85' lang='lat' dir='ltr'><strong>metrum</strong></span> <span class='ocrx_word' id='word_1_277' title='bbox 311 4178 580 4260; x_wconf 86' lang='lat' dir='ltr'><strong>hypercatalectum</strong></span> <span class='ocrx_word' id='word_1_278' title='bbox 606 4197 722 4259; x_wconf 79' lang='lat' dir='ltr'><strong>vocant,</strong></span> <span class='ocrx_word' id='word_1_279' title='bbox 740 4187 965 4282; x_wconf 89' lang='lat' dir='ltr'><strong>exemplumque</strong></span> <span class='ocrx_word' id='word_1_280' title='bbox 993 4186 1043 4246; x_wconf 90' lang='lat' dir='ltr'><strong>He</strong></span> <span class='ocrx_word' id='word_1_281' title='bbox 1064 4185 1167 4247; x_wconf 81' lang='lat' dir='ltr'><strong>haestio</strong></span> <span class='ocrx_word' id='word_1_282' title='bbox 1183 4170 1269 4265; x_wconf 55' lang='lat' dir='ltr'><strong>posui</strong></span> 
     </span>
     <span class='ocr_line' id='line_1_38' title="bbox 158 4252 1271 4353; baseline 0.019 -39"><span class='ocrx_word' id='word_1_283' title='bbox 158 4252 228 4329; x_wconf 88' lang='lat' dir='ltr'><strong>hoc,</strong></span> <span class='ocrx_word' id='word_1_284' title='bbox 252 4258 330 4336; x_wconf 90' lang='lat' dir='ltr'><strong>quod</strong></span> <span class='ocrx_word' id='word_1_285' title='bbox 346 4281 435 4341; x_wconf 91' lang='lat' dir='ltr'><strong>quum</strong></span> <span class='ocrx_word' id='word_1_286' title='bbox 455 4267 569 4346; x_wconf 90' lang='lat' dir='ltr'><strong>pridem</strong></span> <span class='ocrx_word' id='word_1_287' title='bbox 590 4286 629 4328; x_wconf 83' lang='lat' dir='ltr'><strong>ex</strong></span> <span class='ocrx_word' id='word_1_288' title='bbox 653 4273 823 4350; x_wconf 83' lang='lat' dir='ltr'><strong>conjectura</strong></span> <span class='ocrx_word' id='word_1_289' title='bbox 844 4268 952 4353; x_wconf 78' lang='lat' dir='ltr'><strong>corrigi</strong></span> <span class='ocrx_word' id='word_1_290' title='bbox 965 4269 1022 4335; x_wconf 81' lang='lat' dir='ltr'><strong>dab</strong></span> <span class='ocrx_word' id='word_1_291' title='bbox 1100 4278 1126 4346; x_wconf 91' lang='lat' dir='ltr'><strong>t,</strong></span> <span class='ocrx_word' id='word_1_292' title='bbox 1148 4282 1228 4331; x_wconf 65' lang='lat' dir='ltr'><strong>nune</strong></span> <span class='ocrx_word' id='word_1_293' title='bbox 1243 4269 1271 4325; x_wconf 55' lang='grc' dir='ltr'><strong><em>ὅ</em></strong></span> 
     </span>
    </p>
   </div>
   <div class='ocr_carea' id='block_1_11' title="bbox 158 4335 823 4429">
    <p class='ocr_par' dir='ltr' id='par_1_12' title="bbox 158 4335 823 4429">
     <span class='ocr_line' id='line_1_39' title="bbox 158 4335 823 4429; baseline 0.026 -31"><span class='ocrx_word' id='word_1_294' title='bbox 158 4335 227 4400; x_wconf 89' lang='lat' dir='ltr'><strong>cod.</strong></span> <span class='ocrx_word' id='word_1_295' title='bbox 247 4338 492 4429; x_wconf 74' lang='lat' dir='ltr'><strong>Heidelbergensi</strong></span> <span class='ocrx_word' id='word_1_296' title='bbox 505 4349 693 4414; x_wconf 80' lang='lat' dir='ltr'><strong>emendatum</strong></span> <span class='ocrx_word' id='word_1_297' title='bbox 707 4350 823 4416; x_wconf 75' lang='lat' dir='ltr'><strong>damus:</strong></span> 
     </span>
    </p>
   </div>
   <div class='ocr_carea' id='block_1_12' title="bbox 0 0 1363 4866">
    <p class='ocr_par' dir='ltr' id='par_1_13' title="bbox 0 0 1363 4866">
     <span class='ocr_line' id='line_1_40' title="bbox 0 0 1363 4866; baseline 0 0"><span class='ocrx_word' id='word_1_298' title='bbox 0 0 1363 4866; x_wconf 95' lang='lat' dir='ltr'><strong> </strong></span> 
     </span>
    </p>
   </div>
  </div>
 </body>
</html>
