2694 4866
489 246 740 312 nnmerum.
1154 268 1195 312 xv
1294 254 1319 302 ·.

56 423 131 508 quid
144 420 214 482 mihi
226 419 369 494 videatur,
382 417 406 484 ti
420 419 534 500 queris,
555 417 748 480 eruditissime
768 414 936 490 Bliimnere,
957 434 1013 497 ego
1033 427 1064 480 te
1077 418 1186 499 potius,

57 516 132 605 q'uid
144 521 260 590 mutim,
281 519 478 598 interrogabo.
517 517 633 597 Accipe
653 515 741 589 euim,
762 513 833 594 quid
851 514 922 574 mibi
941 516 1097 581 accideritr
1119 518 1189 580 affe·

57 620 184 683 rendum
198 630 243 680 est
256 616 342 687 enim,
367 636 405 676 ne
427 615 544 676 fastidio
567 615 695 694 quodam
718 613 842 674 tacuisse
856 611 893 672 de
916 614 1058 675 Boeclrhii
1071 617 1186 696 placitis

58 720 171 783 videar.
211 716 307 796 Igitur
327 735 417 795 quum
436 714 485 775 ille
499 714 623 774 misisset
636 713 706 773 mihi
719 713 825 771 librum
838 729 933 785 suum,
948 731 1013 790 ego,
1037 734 1102 792 quae
1115 717 1188 776 mihi

60 838 129 880 cum
158 837 195 878 eo
222 814 350 877 amicitia
371 826 426 886 est,
457 813 617 893 significavi
640 813 678 885 ei,
703 830 856 871 censuram
882 829 930 870 me
956 812 1085 874 scribere
1110 817 1188 878 velle

61 915 292 996 disputationum
328 913 452 974 illarum.
502 912 565 982 Ille,
591 912 755 991 approbans
780 909 839 970 hoc
866 909 1029 983 consilium,
1056 916 1188 993 optabat,

60 1026 94 1077 ut
115 1025 203 1074 antea
225 1031 279 1092 per
302 1011 414 1071 litteras
434 1010 575 1071 nonnulla
587 1010 824 1088 disceptaremus,
846 1027 905 1087 quo
929 1028 967 1069 ne
988 1009 1058 1068 mihi
1081 1012 1191 1092 aliquid

58 1110 251 1173 dubitationis
272 1108 311 1169 de
332 1128 386 1169 sua
404 1108 550 1170 sententia
576 1108 797 1187 relinqueretur.
832 1106 918 1178 ‘Feci
940 1111 1020 1188 quod
1039 1111 1190 1190 cupiebat:

59 1192 224 1290 sed'quum
245 1207 323 1268 ultro
346 1207 479 1288 citroque
500 1207 655 1267 scribendo
675 1206 747 1264 nihil
760 1223 1007 1286 promoveremus,
1020 1227 1077 1288 ego
1090 1222 1190 1273 autem

59 1309 209 1371 cardinem
230 1306 273 1366 rei
291 1306 325 1364 in
343 1325 440 1367 arseos
468 1306 635 1366 definitione
661 1304 737 1364 verti
763 1303 903 1376 viderem,
926 1307 1031 1385 negavi
1051 1327 1189 1389 umquam

58 1411 138 1469 inter
164 1426 218 1468 nos
238 1405 397 1467 convenire
417 1424 511 1484 posse,
539 1404 595 1463 nisi
621 1403 671 1464 illa
696 1402 767 1462 mihi
798 1400 966 1463 definitione
992 1405 1187 1469 satisfecisset.

59 1506 108 1567 Ibi
138 1506 230 1585 quum
259 1503 308 1564 ille
339 1514 536 1583 perseveraret
560 1502 750 1574 contendere,
775 1499 964 1580 quodetiam
985 1515 1054 1564 ante
1074 1524 1190 1588 semper

59 1605 183 1678 feceret,
216 1621 314 1682 neque
340 1601 417 1662 arsin
443 1602 505 1661 sine
539 1601 712 1674 thosiaco
738 1599 835 1660 thesin
863 1600 925 1660 sine
951 1603 1008 1662 arsi
1035 1624 1109 1678 esse,
1143 1618 1188 1666 at·

60 1723 120 1784 que
144 1713 178 1762 ut
197 1701 269 1763 arsis
292 1700 469 1761 contrarium
492 1712 570 1760 esset
593 1701 719 1773 theseos,
743 1700 785 1760 ita
808 1702 904 1762 thesin
927 1704 1104 1763 contrarium
1124 1723 1190 1766 esse

60 1819 173 1863 amensa
187 1798 217 1857 in
231 1816 290 1878 qua
302 1817 334 1858 re
348 1817 404 1877 ego
416 1797 535 1858 tertium
549 1797 687 1876 quiddam
701 1799 893 1877 requirebam,
908 1799 1065 1878 undeqnid
1078 1812 1190 1861 utrum·

60 1918 119 1981 que
133 1907 222 1969 esset,
239 1916 300 1957 non
313 1907 410 1957 autem
423 1895 495 1976 quid
507 1896 650 1956 utrumvis
663 1916 722 1955 non
736 1908 822 1970 esset,
846 1897 1077 1977 perspiceretur:
1097 1909 1188 1979 quum
1290 1912 1295 1923 '

59 1986 256 2057 illudsrustra
274 2015 322 2056 me
341 1995 489 2076 requirere
512 1993 782 2069 animadverterem,
804 1995 955 2076 desperavi
978 2016 1025 2056 me
1050 2017 1188 2077 umquam

61 2094 227 2157 doctrinam
239 2094 317 2154 illam
331 2095 546 2155 intellecturum
560 2113 635 2165 esse,
655 2104 686 2153 et
705 2113 773 2153 cum
792 2114 846 2174 spe
869 2094 919 2154 illa
932 2095 1019 2154 etiam
1035 2096 1188 2174 consilium
1305 2091 1308 2094 ⁴

60 2192 224 2257 scribenda
237 2210 367 2253 censurae
380 2192 483 2273 abjeci.
524 2192 629 2270 Itaque
642 2210 678 2250 ea
691 2201 804 2251 tautum
818 2210 857 2252 ex
870 2191 904 2250 iis
906 2212 995 2270 ,quae
1008 2211 1026 2251 a
1039 2194 1190 2255 Boeckhio

60 2291 149 2365 allata
168 2301 248 2365 sunt,
269 2289 441 2370 attingenda
463 2289 556 2349 mibi'
548 2309 578 2348 m
591 2289 663 2349 meis
684 2287 927 2369 disputationibus
939 2290 1049 2369 putavi,
1070 2310 1135 2372 quae
1148 2312 1189 2353 ex

60 2388 133 2466 aliis,
153 2406 242 2468 quam
255 2407 294 2448 ex
307 2388 358 2449 illo
369 2388 452 2449 fonte
465 2389 571 2449 hausta
583 2399 698 2458 essent;
717 2387 908 2448 fundamenta
929 2399 1028 2448 eutem
1046 2389 1189 2451 doctrinae

60 2485 138 2547 illins
150 2486 213 2548 aliis
225 2487 435 2566 perscrutanda
447 2486 561 2568 reliqui.

10 2598 12 2605 '
100 2583 204 2656 Vides,
226 2586 271 2644 vir
293 2584 538 2665 praesentissime,
565 2585 616 2665 qui
638 2583 750 2645 factum
772 2584 820 2658 sit,
848 2596 882 2644 ut
907 2603 976 2664 ego,
1004 2606 1095 2667 quum
1120 2607 1187 2650 eam

10 2734 12 2741 .
60 2702 248 2745 numerorum
262 2683 436 2758 doctrinam,
460 2704 526 2764 quse
548 2683 617 2743 olim
639 2703 657 2743 e
677 2703 724 2744 me
737 2682 886 2762 proposita
898 2695 953 2758 est,
973 2684 1010 2744 ab
1024 2685 1058 2744 iis
1072 2697 1186 2747 tantum
1297 2748 1303 2769 χ

10 2824 13 2843 2
59 2782 224 2862 impugnari
245 2781 385 2856 viderem,
410 2782 460 2863 qui
481 2801 546 2843 earn
569 2794 621 2843 aut
642 2802 702 2842 non
721 2781 943 2855 intellexissent,
957 2793 1008 2842 aut
1020 2782 1186 2863 intelligere

10 2866 12 2965 j
58 2880 228 2954 noluissent,
242 2900 302 2941 non
315 2881 486 2943 mutaverim
498 2881 673 2943 sententiam
685 2899 792 2954 meam,
811 2881 866 2940 nisi
879 2882 910 2939 in
922 2882 1053 2961 partibus
1066 2883 1185 2964 quibus-

59 2979 139 3053 dan,
151 2979 182 3041 in
195 2978 300 3060 quibus
312 2980 359 3040 vel
372 2978 421 3041 alii
434 2981 554 3040 meliora
576 2978 749 3051 attulissent,
773 2990 808 3040 ut
833 2978 980 3039 Seidlerus
1003 2981 1034 3039 in
1054 2983 1186 3042 versibus

58 3077 247 3153 mchmscn,
259 3079 374 3159 relego
386 3079 448 3159 ipse
461 3080 570 3159 aliquid
583 3080 693 3140 rectius
707 3079 776 3138 mihi
789 3079 904 3140 viderer
910 3081 1087 3161 perspicere.
1107 3083 1186 3143 Fun·

60 3175 298 3252 draconario,
312 3198 378 3258 qna
390 3197 543 3258 posueram
556 3179 643 3258 hujus
656 3179 808 3252 doctrina,
822 3190 935 3240 tantum
949 3182 1044 3254 abest,
1057 3194 1092 3242 ut
1104 3183 1184 3244 labe·

59 3273 198 3337 mter
216 3294 363 3356 quoquam
386 3274 517 3348 viderim,
540 3272 582 3346 ui,
606 3276 748 3356 quidquid
770 3276 848 3350 novi,
873 3278 953 3356 quod
971 3298 1074 3338 verum
1094 3293 1183 3354 esset,

59 3371 217 3448 allemebm,
237 3373 268 3433 id
281 3392 318 3435 ea
330 3374 422 3454 magis
435 3375 522 3435 etiam
536 3374 760 3435 confirmaverit.
800 3375 878 3436 Illud
891 3396 960 3437 vero
973 3377 1067 3439 fateor
1080 3379 1182 3440 luben·

60 3481 115 3541 ter,
136 3471 298 3533 nouissime
310 3490 347 3553 ea
359 3472 430 3533 olim
444 3473 513 3533 satis
527 3472 686 3534 dilucides
698 3492 745 3533 me
759 3474 924 3553 explicata:
945 3476 1026 3553 quod
1037 3477 1184 3555 gaudebo,

58 3568 82 3629 ti
103 3558 183 3631 nunc
202 3569 307 3631 melius
325 3570 396 3632 milri
417 3571 537 3633 cessisse
555 3570 610 3631 viri
635 3592 655 3633 a
673 3571 864 3652 philosophias
883 3573 996 3633 ratione
1015 3592 1075 3632 uon
1094 3575 1182 3635 alieni
1299 3584 1304 3593 ’

57 3668 247 3748 judicabunt:
275 3670 307 3729 in
327 3671 432 3751 quibus
452 3683 535 3733 tunm
553 3672 706 3753 judicium,
734 3673 903 3744 Bliimnere,
930 3672 1087 3732 multorum
1114 3676 1181 3738 locu

59 3767 172 3832 domm.
212 3769 297 3830 Beue
310 3778 408 3830 autem
421 3771 525 3846 sentio,
546 3772 626 3831 hunc
640 3790 756 3850 quoque
768 3770 874 3829 libmm
886 3770 980 3845 multa
991 3774 1182 3838 excusatione

58 3865 197 3949 indigere.
237 3872 337 3938 Quum
351 3867 439 3945 euim,
454 3881 586 3950 utsupra
599 3871 671 3942 dixi,
693 3869 840 3950 aliquanto
853 3870 943 3949 prius,
957 3889 1043 3949 quam
1058 3871 1183 3936 destina·

58 3982 163 4037 rersm,
177 3964 323 4046 hocopus
337 3969 566 4046 aggressurum,
578 3968 705 4029 intanta
719 3980 749 4029 et
761 3987 859 4028 rerum
872 3970 1021 4042 varietate,
1036 3981 1066 4030 et
1080 3990 1180 4032 exem·

57 4062 171 4141 plorum
184 4063 280 4144 copia,
294 4075 325 4126 et
336 4066 554 4141 schedularum,
567 4067 599 4127 in
616 4086 689 4147 quas
711 4067 925 4128 observationes
948 4085 1028 4128 meas
1045 4072 1182 4149 conjece·

57 4178 124 4236 nm,
149 4162 347 4237 multitudine,
370 4165 542 4245 urgentibus
563 4167 682 4246 insuper
705 4166 809 4246 operis,
833 4177 939 4246 praeter
956 4165 1090 4246 plurima,
1114 4189 1181 4247 quse

57 4261 187 4327 multo
200 4261 294 4338 omisi,
313 4263 406 4328 multa
417 4264 539 4328 fortasse
551 4285 599 4328 me
611 4265 839 4346 fugeruntque
852 4265 899 4323 vel
911 4276 1054 4345 poteram,
1068 4267 1113 4327 uel
1128 4268 1179 4327 de·
