2694 4866
318 267 377 330 nu
400 260 692 333 ausamsrrcrs
713 257 934 335 mMET‘RIS.
1125 244 1181 338 aar

203 439 242 496 ait
252 437 332 498 esse?
349 449 429 513 atque
437 457 529 496 eccum
539 439 634 496 videor

132 509 179 582 qui
191 512 254 566 mihi
265 521 306 567 eat
318 511 378 568 tari
389 522 417 566 et
441 512 564 567 lbrimum
575 511 691 582 prodeat.

79 594 98 638 ο
131 583 197 638 item
206 582 270 637 huic
281 583 353 638 ultro
365 584 404 649 fit,
416 531 446 637 M
458 594 557 637 meret:
577 583 741 654 potissimuat
751 584 859 642 noatme
870 586 950 642 domi.

202 671 273 708 nunc
283 653 345 707 eum
357 654 448 708 adibo=
468 654 587 726 alloquar
598 654 677 710 ultro.

131 724 248 779 animble
259 724 305 791 mi,
315 725 379 779 mihi
390 724 455 778 mirri
466 725 598 791 ridentur,

132 806 162 850 te
172 794 217 849 bic
226 795 297 850 stare
304 794 378 861 foris,
387 794 456 850 fores
468 797 531 867 quoi
543 806 651 868 pateant

132 865 224 935 magis,
236 866 313 937 quam
327 867 419 922 domus
431 877 486 934 tua,
498 867 590 922 domus
599 884 679 940 quom
690 865 757 924 llaec
768 877 816 925 tua
826 868 869 926 sit.

84 946 99 992 5
133 936 214 990 omne
226 947 345 1008 paratum
357 947 406 1004 est,

133 1017 168 1062 ut
175 1007 280 1079 jbssiati
292 1017 371 1129 angue
381 1018 413 1064 ut
423 1007 545 1064 voluistis

201 1096 288 1149 neque
301 1080 322 1133 ti
340 1079 349 1132 i
357 1081 413 1150 jam
428 1091 469 1134 eat
479 1080 535 1133 ulla
547 1097 621 1135 mora
631 1080 713 1137 intas.

139 1149 289 1220 prandium,
302 1150 331 1204 bt
336 1149 446 1229 jussisti,
456 1150 500 1204 hic
512 1152 631 1205 curatum
643 1162 700 1207 eat:

201 1219 247 1275 ubi
257 1219 339 1286 lubet,
349 1221 389 1275 ire
402 1221 465 1277 licet
478 1222 636 1278 accubitum.

79 1360 99 1398 n
112 1340 159 1402 his
171 1340 280 1420 primus
292 1360 392 1402 versus
406 1343 539 1402 Creticus
559 1354 613 1412 est,
634 1342 780 1415 secundus
800 1353 831 1402 et
850 1352 951 1403 sextus
970 1341 1093 1402 trimetri
1112 1342 1183 1402 iam·

79 1423 140 1491 ici;
161 1441 255 1481 nonus
269 1423 402 1482 Creticus
416 1434 586 1484 tetrameter
606 1424 810 1492 catalecticum
830 1424 960 1484 decimus
973 1423 1114 1482 iambicus
1134 1443 1184 1482 oc·
1267 1420 1270 1426 ’

79 1501 203 1563 suarius.
243 1505 280 1563 V.
294 1508 323 1564 3.
344 1505 412 1565 Ms.
426 1505 507 1583 Lips.
521 1506 598 1586 quod
609 1507 749 1589 opuafiat,
763 1504 817 1564 nisi
832 1507 911 1584 quod
919 1507 981 1584 fiat
994 1506 1068 1565 male
1083 1505 1184 1585 Cylin-

80 1605 116 1643 ro
130 1583 241 1655 tribuit,
256 1594 289 1643 ut
302 1585 420 1660 vulgati.
455 1587 492 1646 V.
506 1591 535 1647 8.
555 1587 597 1646 ait
611 1607 669 1647 erae
682 1588 751 1648 MS.
764 1586 845 1665 Lips.
859 1598 890 1646 et
903 1587 950 1647 ed.
966 1587 1055 1664 Carp.
1086 1587 1184 1663 Vulgo

79 1687 120 1727 tae
132 1666 184 1725 ait.
225 1668 262 1728 V.
280 1671 327 1727 10.
339 1666 415 1740 libri,
425 1668 585 1748 potissimus
599 1679 702 1728 uortrae
715 1670 832 1728 domiui
851 1670 897 1739 sit,
918 1667 997 1747 quod
1010 1668 1125 1726 videtur
1145 1685 1185 1728 ex

79 1746 301 1825 iterpretatioue
316 1758 421 1811 ortum.
436 1748 602 1808 oblitterata
613 1769 649 1808 ea
662 1749 814 1827 scriptura,
828 1769 914 1829 quam
928 1748 1053 1826 reposui.
1081 1748 1118 1807 V.
1137 1752 1184 1808 13.

79 1831 102 1888 lc
117 1827 165 1888 etl.
179 1828 266 1906 earp.
287 1828 384 1906 Vulgo
398 1828 493 1889 licie.
527 1831 563 1890 V.
578 1835 627 1896 17.
650 1829 748 1891 addidi
751 1834 828 1910 jam.
863 1832 898 1890 Iu
912 1829 982 1889 MS.
995 1830 1077 1908 Lips.
1090 1839 1121 1888 et
1135 1828 1183 1895 ed.

79 1911 152 1988 lurp.
166 1928 192 1971 v.
208 1913 336 1973 15-17.
356 1910 453 1970 omissi
465 1922 542 1971 suut.
795 1924 797 1931 '
1117 1938 1119 1943 ·

98 1995 150 2055 23.
172 1989 342 2069 Spoudiacis
355 1993 507 2072 anapaestis
520 2012 589 2052 usus
601 2003 647 2052 est
661 1991 781 2054 Plautus
794 1992 824 2052 iu
840 1992 942 2054 Sticho
956 1991 1037 2067 11.1‚
1053 1992 1101 2055 37.

126 2107 584 2180 aperiteatqueapproperete,lores

128 2177 211 2233 facite
221 2179 252 2233 bt
261 2190 380 2268 pateant,
390 2181 525 2236 removete
534 2198 643 2237 moram.

129 2249 209 2304 nimis
221 2249 287 2306 haec
299 2268 342 2306 res
354 2251 411 2306 aine
424 2251 487 2306 curi
498 2253 597 2323 geritur
771 2278 778 2285 ·

128 2319 279 2445 Mucianam
291 2320 392 2377 dudum
403 2320 448 2377 hic
460 2323 538 2377 adsto
549 2323 577 2377 et
588 2321 675 2394 pulto.
795 2372 799 2379 .
831 2344 837 2355 ·

128 2407 206 2447 somn
225 2392 477 2462 neoperamdatia?
496 2393 529 2448 ex
578 2395 624 2459 'ar,

127 2462 209 2528 iores,
221 2462 255 2515 an
267 2463 357 2529 cubiti,
367 2482 403 2520 aa
413 2465 495 2535 parles
506 2482 524 2536 p
535 2466 565 2519 os
576 2465 692 2525 valeant.

127 2533 207 2588 nimis
215 2533 309 2589 vellem
317 2533 359 2587 hae
368 2533 439 2590 fores
447 2535 540 2593 berum
548 2535 685 2606 fugissent,

124 2604 543 2662 sambsmuthaoerentmalum
551 2624 682 2677 maguum.

199 2675 319 2730 deie'saus
326 2695 383 2731 aum
395 2676 534 2749 pultando.

197 2764 271 2801 nunc
282 2745 333 2801 hoc
344 2758 506 2817 postremum
518 2746 650 2802 estvobir.

199 2818 235 2873 G.
252 2816 297 2873 ibo
309 2816 389 2889 atque
399 2817 471 2873 hunc
483 2815 656 2888 compellabo.

171 2944 174 2948 ,
197 2887 335 2943 salvossis
365 2889 403 2944 D.
419 2888 577 2942 ettusailve.

199 2960 236 3014 G.
248 2956 602 3046 jmtbpiscamrssm{s{
652 2972 657 2981 “

125 3026 683 3172 cai'a‘lb'illiz‘iliiriliiim

126 3171 165 3227 D.
176 3180 225 3226 tua
233 3169 304 3254 qubd
314 3171 352 3224 nil
364 3171 461 3238 reffert,
472 3170 508 3226 ne
519 3188 604 3227 cures.

128 3242 164 3299 G.
175 3241 240 3314 quid
249 3241 319 3298 istuc
331 3239 395 3297 est?
430 3243 467 3298 D.
503 3258 551 3296 uas
561 3252 592 3296 tu
604 3267 621 3278 ·
631 3238 696 3297 edes
707 3241 837 3298 colubres.

196 3313 234 3368 G.
252 3260 553 3385 quidamtraeunlu‘s.
587 3314 625 3369 D.
642 3313 744 3374 siinte

141 3382 145 3389 “
196 3385 284 3454 pudor
293 3376 367 3450 tait,
377 3401 432 3439 uon
444 3401 487 3439 me
498 3383 623 3455 appelles.

199 3456 237 3508 G·
251 3451 648 3528 poesirmscireexteverum?

195 3525 235 3581 D.
250 3534 344 3597 potes:
365 3525 446 3582 bodie
456 3544 511 3583 uon
519 3525 643 3587 certabis.

79 3644 137 3706 libii
150 3646 182 3705 iu
193 3645 239 3706 his
252 3647 373 3722 mutavi,
394 3648 449 3707 nisi
463 3647 543 3729 quod
562 3648 592 3706 in
607 3658 710 3707 octavo
724 3662 810 3704 versu
822 3641 925 3702 molum
940 3660 1078 3724 magnum·
1087 3638 1183 3720 posui,

79 3727 108 3787 bi
121 3728 209 3807 vulgo
223 3728 335 3802 malum,
358 3749 413 3810 pro
437 3749 495 3809 quo
516 3728 602 3790 codd.
624 3728 697 3788 Pell.
720 3746 843 3798 martura,
864 3723 970 3784 omissa
990 3723 1081 3797 altera
1099 3724 1182 3780 soce.

79 3809 94 3867 ἱ
111 3815 158 3874 10.
172 3808 271 3869 addidi
282 3832 367 3874 nuuc.
391 3812 429 3875 V.
445 3816 493 3872 ll.
506 3808 616 3880 servavi
630 3808 786 3887 vulgatam.
808 3803 1062 3886 Codu'compello.
1083 3804 1122 3864 V.
1134 3804 1189 3883 17.

79 3889 151 3950 lodo.
165 3891 236 3971 quid
247 3891 331 3951 istinc
344 3902 395 3953 est.
436 3892 553 3953 Deinde
565 3892 654 3971 vulgo
667 3904 738 3978 quas
750 3898 784 3951 tut
803 3888 890 3951 ades.
930 3886 988 3945 Ed.
1004 3887 1184 3975 Carmanos

79 3975 184 4033 avices.
224 3970 263 4034 V.
277 3973 313 4034 C.
327 3994 381 4054 qua
395 3974 440 4033 tui
451 3975 510 4038 dea.
1102 4026 1106 4031 .

95 4055 146 4116 24.
167 4053 259 4113 Aliud
273 4046 484 4135 anapaestorum
498 4055 721 4136 spondiaeorum
736 4049 902 4130 exemplum
916 4048 946 4106 in
961 4043 1125 4108 Cistellaria
1140 4045 1182 4107 11.

81 4175 89 4193 .
100 4133 241 4216 reperisse
254 4135 326 4194 mihi
338 4135 448 4207 videor,
463 4137 513 4216 qui
526 4137 619 4212 locus,
634 4137 665 4196 ni
678 4135 773 4209 fallor,
787 4135 829 4192 ita
842 4127 1033 4208 corrigendus
1047 4138 1111 4187 est:

126 4251 217 4309 Credo
230 4250 280 4324 ego
290 4270 405 4314 amorem
417 4254 529 4327 primum
541 4254 612 4328 apud
622 4253 744 4311 homines
756 4247 933 4308 carnificinam
945 4227 1136 4311 commentum.

124 4323 194 4382 hauc
207 4324 257 4397 ego
268 4324 303 4383 ‹le
315 4342 359 4383 me
369 4325 549 4399 conjecturam
560 4326 634 4387 domi
644 4323 724 4395 facio,
735 4321 845 4383 rte-loris
856 4318 991 4400 quaeram<
