2694 4866
400 243 459 303 DE
471 240 619 304 VERSU
640 240 869 305 ELEGIACO.
1138 249 1196 312 227
1311 282 1313 287 ·

81 413 181 492 Atque
193 410 244 472 hic
255 408 373 490 quidem
386 410 493 485 exitus,
507 409 558 490 qni
578 422 622 470 est
635 410 665 468 in
678 429 751 471 voce
764 411 915 491 dIsyllaba,
930 412 1058 472 omnium
1071 412 1195 474 habetur

81 493 320 573 εἰεςιιιιιίειὶιιιιιι,Ι
341 492 409 570 qnia
431 492 549 551 ultimus
573 492 655 564 ordo,
676 492 700 551 si
722 510 884 564 numerum,
907 493 1000 572 quiin
1021 495 1124 571 verbiq
1140 506 1193 566 est,

81 587 250 655 spectamus,
274 592 370 652 neque
393 573 435 632 ita
447 573 587 651 abruptus
611 587 666 646 ast,
680 573 757 632 utin
771 593 844 633 voce
867 576 1074 655 monosyllaba,
1099 596 1194 654 neque

81 676 135 716 :am
149 656 312 725 vehemens,
328 673 414 731 quam
427 655 457 712 in
471 653 628 732 trisyllaba.
669 656 851 733 Quamquam
866 657 974 728 Graeci,
988 658 1095 717 assueti
1106 659 1195 717 verba

83 757 104 795 n
118 738 176 795 fine
189 755 305 806 acuere,
320 734 436 792 minime
457 733 556 792 offensi
576 746 648 794 sunt·
664 734 813 813 trisyllabo
833 736 981 796 vocabulo.
1025 738 1194 818 Eorumque

81 817 239 897 exemplum
253 826 391 894 sequutus
404 825 448 874 est
463 814 605 884 Catullum
628 826 661 874 ut
674 815 817 877 LXVIII.
831 822 880 878 98.

142 968 192 1005 nec
204 967 287 1021 prope
298 959 424 1021 cognatos
443 948 616 1020 compositum
628 949 738 1004 cinerea.

81 1068 131 1131 led
145 1070 222 1149 apud
237 1070 367 1141 Latinos,
382 1068 460 1148 quod
473 1068 503 1125 hi
523 1088 583 1128 non
596 1080 695 1128 amant
713 1069 803 1129 verba
816 1069 846 1128 In
860 1069 918 1129 linc
939 1081 1063 1130 accentu
1076 1081 1189 1139 notare,
1290 1077 1298 1089 '

81 1152 243 1230 desperius
256 1153 347 1209 visum
361 1160 419 1208 est:
448 1160 480 1208 ut
495 1149 626 1220 Ovidius,
649 1151 696 1210 cui
715 1150 746 1208 in
759 1150 817 1210 hoc
836 1170 935 1210 versus
954 1171 1063 1231 genere
1083 1151 1190 1231 primas

81 1233 139 1292 lant
154 1232 224 1290 artis
238 1231 333 1310 peritI,
347 1230 448 1288 sedulo
463 1231 571 1289 caverit
584 1231 732 1310 trisyllaba
744 1249 818 1290 voce
830 1251 944 1291 versum
958 1233 1052 1292 finire.

107 1316 138 1378 7.
160 1315 307 1373 Praeterea
319 1310 442 1370 multum
456 1311 576 1370 interest
589 1312 668 1390 apud
679 1313 835 1386 Romanos,
850 1324 949 1372 utrum
963 1314 992 1372 in
1002 1313 1083 1374 brevi
1093 1314 1189 1374 vocali

81 1393 171 1453 ltima
182 1413 250 1464 vox,
266 1411 303 1451 an
323 1393 353 1451 in
374 1404 552 1452 consonante
573 1393 754 1454 terminetur.
795 1394 872 1452 Nam
885 1396 915 1453 in
937 1407 1144 1456 consonantem
1165 1395 1189 1454 si

82 1475 139 1544 xit,
155 1474 267 1533 etiamsi
291 1493 414 1552 sequens
427 1493 526 1532 versus
539 1493 558 1533 a
570 1475 664 1534 vocali
684 1474 813 1554 incipiat,
827 1488 983 1555 propterca
1003 1472 1074 1535 nihil
1095 1476 1185 1536 offen·

81 1557 155 1615 ionis
170 1567 224 1626 est,
239 1555 306 1633 quia
320 1566 350 1614 at
362 1555 473 1634 syllaba
492 1567 670 1616 consonante
684 1557 766 1616 finita
778 1568 883 1616 natura
895 1577 948 1617 sua
960 1559 1074 1637 longior
1087 1569 1142 1630 est,
1157 1570 1188 1618 et

81 1656 170 1697 ocem
184 1637 233 1696 tali
253 1634 363 1716 syllaba
382 1636 564 1695 terminatam
579 1639 780 1697 consuevimus
799 1650 919 1717 propter
945 1641 1117 1718 positionem
1138 1659 1188 1700 ac-
1275 1674 1279 1681 ,

81 1728 154 1778 antu
169 1717 198 1775 in
220 1717 277 1776 fine
290 1727 420 1777 notatam
433 1717 544 1777 audire.
583 1718 631 1779 Ita
643 1720 722 1800 apud
737 1719 895 1797 SulpIciam
909 1721 939 1777 in
964 1740 1052 1779 carm.
1078 1720 1187 1780 Tibull.

81 1799 118 1859 V.
132 1805 164 1872 3,
182 1803 228 1859 ta
611 1813 618 1821 “

167 1934 225 2006 ipsa
235 1952 284 2005 ego
329 1943 459 1991 rmontos
475 1935 543 1990 retia
554 1945 625 1995 torta
636 1935 728 2005 leram,

130 2007 191 2081 ipsa
201 2025 250 2082 ago
261 2023 294 2062 ve
304 2005 360 2063 ocis
371 2023 486 2077 quaeram
498 2007 605 2077 vestigia
616 2025 709 2063 cervae.

81 2127 122 2189 od
134 2127 160 2186 si
174 2127 204 2185 in
218 2125 322 2198 vocali,
343 2145 409 2206 qua
421 2124 517 2184 brevis
538 2136 593 2196 est,
606 2125 780 2184 vocabulum
803 2127 986 2198 terminatur,
1007 2127 1132 2188 insolens
1152 2142 1183 2189 et
1213 2190 1217 2199 ,
1303 2146 1305 2153 ·

81 2228 135 2268 nra
147 2218 194 2268 cst
207 2206 419 2287 pronunciatio,
434 2206 502 2284 quia
515 2224 599 2265 aures
612 2207 730 2267 brevem
744 2208 886 2285 ejusmodi
898 2208 1038 2288 syllabam
1048 2210 1182 2290 accipere

81 2295 150 2351 r'etae
164 2299 242 2349 sunt.
282 2288 328 2346 Ita
342 2286 419 2365 apud
433 2286 580 2346 Catullum
594 2286 721 2346 LXVII.
736 2291 764 2346 7.
816 2354 819 2358 ,

128 2425 212 2491 mlve,
222 2434 301 2496 teque
312 2426 382 2479 bona
392 2425 413 2480 J
414 2423 517 2495 uppiter
527 2433 619 2479 auctet
629 2441 689 2496 ope.

81 2547 215 2607 treas.
231 2542 437 2606 10.LXV111.
458 2543 661 2606 romxxvn
677 2548 726 2604 rs.
744 2543 1008 2606 annuatim.
1026 2550 1052 2606 1.
1074 2506 1182 2608 risun.
1213 2610 1214 2614 Ν
1272 2522 1275 2528 ’

92 2624 610 2698 amamamamm,

128 2760 209 2827 scitis,
220 2769 247 2815 ει
258 2760 286 2814 iu
298 2777 351 2831 quo
363 2776 405 2815 mo
417 2759 546 2818 corruerit
556 2777 661 2830 genere,

81 2886 103 2947 ri
119 2883 229 2945 Catulli
248 2901 347 2941 versus
371 2892 415 2940 est
435 2880 579 2940 LXVIII.
598 2882 649 2942 52.
690 2877 766 2938 Vide
786 2879 989 2940 LXXXVIII.
1010 2885 1038 2940 8.
1054 2882 1135 2945 CVI.
1150 2886 1178 2951 2,

81 2968 120 3027 Χ.
132 2971 162 3026 6.
185 2963 293 3028 Tibull.
307 2965 333 3025 Ι.
349 2969 397 3036 10,
413 2969 461 3025 14.
476 2961 611 3040 Propert.
621 2960 646 3019 1.
664 2965 710 3033 16,
726 2966 775 3020 30.

94 3054 135 3108 8.,
152 3045 305 3124 Proprium
326 3055 370 3102 est
393 3043 479 3123 huJ'us
493 3061 600 3114 versus,
622 3054 655 3099 ut
674 3042 845 3100 hexametro
864 3041 983 3100 herolco
1004 3042 1091 3123 epodi
1110 3045 1176 3106 loco

81 3129 196 3190 idatur:
217 3137 247 3184 et
261 3143 297 3184 ea
316 3123 487 3203 compositio
507 3122 656 3201 elegorum
677 3141 783 3181 nomen
803 3123 902 3193 habet,
917 3123 995 3181 unde
1014 3143 1113 3185 versus
1127 3127 1176 3187 hic

81 3209 152 3271 ictus
167 3218 213 3268 est
226 3204 381 3284 elegiacus.
421 3203 498 3262 Vide
512 3203 619 3262 Horat.
635 3205 701 3263 Art.
716 3203 801 3261 Pob't.
816 3206 864 3265 75.
879 3222 958 3281 seqq.
969 3203 1056 3264 Ovid.
1072 3208 1175 3269 Amor.

81 3292 110 3353 Ι.
127 3283 157 3361 1“,
171 3291 201 3355 7.
242 3286 302 3347 Sed
316 3297 349 3345 ut
362 3284 454 3364 primo
468 3285 590 3343 fortasse
610 3282 640 3344 in
654 3282 780 3362 querelis
797 3294 827 3341 et
840 3284 927 3343 rebus
948 3283 1077 3344 tristibus
1091 3305 1175 3346 mur·

81 3383 139 3431 stus
158 3367 343 3447 lueritmox
357 3377 454 3425 tamen
478 3364 566 3424 etiarn
587 3364 692 3423 adalia
712 3375 894 3444 argumenta,
908 3365 938 3422 in
958 3364 1056 3443 primis
1070 3367 1108 3425 ad
1128 3388 1174 3428 res

81 3450 217 3523 amarias,
231 3460 273 3520 et,
287 3447 421 3528 quoniam
436 3445 569 3504 finiendae
580 3444 703 3504 orationi
713 3455 797 3522 aptus
807 3444 969 3516 videbatur,
983 3445 1021 3505 ad
1031 3447 1173 3527 epigram·

81 3545 133 3595 ata
155 3531 310 3590 translatus
325 3540 385 3590 est.
428 3527 503 3585 Nam
517 3527 648 3586 breviora
672 3526 799 3584 carmina
812 3527 836 3583 si
859 3525 921 3585 solo
944 3526 1063 3587 heroico
1087 3548 1172 3590 versu

81 3622 278 3695 imponuntur,
292 3611 383 3689 magIs
396 3620 493 3688 partes
506 3607 669 3687 longiorum
683 3606 842 3667 carminum
856 3624 930 3679 esse,
945 3626 1031 3689 quam
1046 3608 1107 3690 ipsa
1120 3631 1173 3689 per

81 3698 233 3769 tconstare
252 3688 396 3749 videntur.
438 3688 593 3767 Elegiacus
616 3707 685 3748 vero
700 3705 790 3767 quum
810 3687 935 3761 additur,
951 3689 1031 3769 quasi
1052 3692 1172 3770 stropha

81 3793 203 3854 ,eaque
224 3791 256 3833 rc
269 3771 333 3833 finis
348 3781 445 3830 certus
465 3781 496 3831 et
509 3769 621 3829 numeri
635 3780 666 3828 et
686 3767 822 3828 orationis
836 3769 1031 3830 constltuitur.
1073 3773 1170 3834 Semel

94 3854 241 3952 traqoedia
259 3863 430 3932 usurpatum
443 3851 573 3910 novimus
594 3869 711 3910 carmen
724 3849 896 3928 elegiacum,
910 3850 939 3908 in
961 3852 1169 3915 Andromacha

81 3939 122 4000 uri
143 3936 199 3997 ulia
213 3955 243 3996 v.
261 3939 327 3998 lua.
502 3993 507 3999 .
761 3935 763 3939 ’

90 3959 246 4082 9.pPlures
260 4017 397 4093 deinceps
417 4025 613 4095 pentametros
634 4011 777 4093 elegiacos
796 4013 866 4092 poni
880 4013 1009 4091 Ineptum
1024 4026 1079 4087 est,
1100 4016 1168 4096 quia

81 4116 220 4177 :semper
233 4097 311 4156 idem
324 4097 395 4155 ordo
416 4106 606 4174 repeteretur,
620 4094 701 4173 isque
721 4106 840 4175 propter
854 4093 1061 4153 immutabilem
1076 4116 1167 4157 caesu·

81 4203 107 4241 m
133 4179 215 4240 omni
237 4177 376 4238 varietate
398 4176 562 4237 destitutus.
587 4178 786 4254 'Quamquam
810 4187 843 4235 ut
862 4193 899 4233 ne
920 4174 1025 4253 ineptis
1048 4178 1166 4256 quidem

83 4262 217 4341 emplum
238 4259 361 4332 deesset,
386 4258 496 4319 curavit
520 4257 670 4337 Philippus
688 4254 954 4319 Thessalonicensis
973 4257 1065 4336 epigr.
1084 4265 1114 4320 4.
1135 4261 1165 4318 ln
