2694 4866
306 251 365 313 DE
388 250 596 314 VERSIBUS
617 250 929 315 ASYNARTETIS.
1132 258 1193 317 389

51 426 113 489 vol.
138 427 163 485 I.
178 424 212 484 Ρ.
227 421 280 484 IV.
294 444 324 503 p.
339 428 409 484 438.
430 424 507 490 πόνης
522 424 552 481 in
565 423 634 492 πίνης
648 423 780 497 mutavit,
794 434 931 496 metrum,
945 422 1026 502 quod
1039 442 1077 484 ex
1091 424 1187 485 chori-

53 507 149 569 ambis
172 524 203 566 ει
226 504 358 565 diiambis
382 504 429 577 sit,
454 505 495 563 ita
518 505 666 584 postulare
686 516 774 565 ratus.
816 504 859 564 At
875 506 913 566 da
936 515 1032 565 metro
1045 526 1091 566 res
1104 509 1191 568 valde

54 591 172 651 incerta
184 597 237 649 est.
279 590 383 666 Itaque
395 585 486 645 multo
501 587 589 646 etiam
603 587 741 646 incertior
754 587 791 646 de
806 586 1020 660 emendatione,
1029 591 1189 667 prasertim

55 691 149 752 quum
163 688 273 742 sensus,
287 688 374 749 quem
389 667 460 727 illud
474 668 542 736 πίνης
556 670 679 748 praebet,
693 668 762 728 satis
776 669 865 727 mirus
879 688 943 728 esse
956 669 1099 732 videatur.
1128 671 1189 733 Sed

56 755 173 813 mittam
186 751 244 810 hoc
256 751 464 830 fragmentum,
479 751 508 808 in
523 770 581 828 quo
595 750 703 810 certius
717 750 797 828 quid,
812 769 899 829 quam
913 750 1010 828 qualia
1029 751 1114 831 plura
1137 754 1189 814 ali·

57 836 108 895 cui
132 835 164 892 in
184 845 312 893 mentem
336 832 434 892 venire
458 833 579 912 possint,
604 831 811 904 desideramus,
835 845 865 891 et
885 833 982 910 potius
1004 832 1041 890 ad
1064 835 1189 895 alterum

56 917 159 978 redeo.
200 915 282 974 Libri
294 926 417 986 veteres,
433 912 550 993 ἒννννμὶννν
563 919 601 994 τᾷ
607 915 738 996 calidam
752 917 945 996 θῐίνμννςσίννν.
986 914 1060 981 Cod.
1075 916 1185 979 Palus&

60 1000 84 1060 τ’
101 999 220 1081 spissia.
247 997 322 1058 Cod.
339 995 462 1055 Dorvill.
484 1000 615 1079 μυςσίνννν.
656 997 692 1054 In
716 995 783 1057 cod.
798 995 920 1056 Monac.
941 994 1044 1073 ὃνννμίνν
1066 1023 1102 1057 w
1121 1018 1190 1058 cum

57 1081 153 1160 spatio
166 1080 392 1150 vacuo,lacunae
405 1078 499 1156 signo,
520 1089 552 1137 et
565 1079 686 1160 ’λωμπςνὶ
706 1076 773 1138 slas’
798 1079 819 1137 ἐν
840 1077 959 1160 μνςννέςν,
985 1078 1096 1137 omissis
1120 1079 1186 1140 reli-

50 1163 135 1242 'qnia
146 1161 206 1239 legi
220 1160 383 1220 adnotatur.
413 1158 607 1220 consentiens
619 1159 698 1239 apud
714 1158 953 1238 Hephaestionem
967 1170 997 1218 et
1011 1159 1190 1222 Athenaeum

58 1243 205 1323 scriptura
218 1244 342 1321 Δννννμένν
356 1241 476 1301 adducit
490 1261 547 1313 me,
563 1254 606 1314 ut,
621 1241 676 1300 etsi
689 1240 879 1300 vehementer
901 1240 1034 1320 improbo
1056 1261 1115 1314 eos,
1139 1244 1190 1322 qui

58 1325 160 1386 nescio
174 1323 244 1404 quid
265 1343 403 1403 magnum
426 1343 458 1383 se
479 1324 571 1402 egisse
585 1333 699 1402 putant,
714 1323 738 1380 si
753 1322 859 1401 cuique
873 1322 1008 1401 scriptori
1022 1323 1188 1397 dialectum,

58 1426 119 1487 qua
142 1426 209 1467 eum
230 1406 284 1486 ipsi
307 1405 563 1484 grammaticorum
584 1404 835 1464 observationibus
857 1404 930 1464 moti
953 1422 1038 1462 usum
1058 1417 1190 1480 censent,

59 1500 172 1549 temere
196 1498 226 1548 et
240 1506 271 1547 re
292 1506 394 1566 parum
418 1487 569 1566 explorata
589 1484 760 1559 obtrudunt,
784 1496 882 1544 tamen
905 1503 988 1544 more
1011 1487 1107 1564 gentis
1130 1507 1191 1548 suae

60 1569 188 1648 Δννννμίνν
201 1568 349 1649 scripsisse
363 1568 536 1627 existimem.
577 1568 717 1628 Ultimum
731 1587 834 1626 vocem
849 1567 878 1625 in
892 1566 950 1627 hoc
964 1586 1049 1627 versu
1059 1573 1191 1651 Τυρῥνιννῖρ

58 1652 158 1722 fuisse,
174 1670 233 1709 non
246 1660 292 1710 est
305 1650 456 1729 ejusmodi,
472 1661 505 1709 ut
519 1649 600 1709 credi
620 1646 757 1728 riequeat.
801 1648 978 1726 Neglectae
1000 1650 1123 1709 Creticis
1145 1663 1190 1710 est

60 1731 177 1814 Tyraca
190 1732 249 1791 sive
264 1730 424 1811 Tyrrbaca,
439 1751 525 1810 quam
537 1731 639 1789 Vibius
651 1732 808 1809 sequester
818 1729 955 1810 paludem
967 1730 1118 1810 Syracusis
1126 1751 1190 1792 esse

59 1814 161 1874 refert.
201 1815 384 1892 Quamquam
398 1813 487 1870 nolim
500 1813 558 1871 boc
581 1811 749 1871 testimonio
762 1811 850 1870 alium
864 1813 895 1868 in
919 1811 1009 1887 finem
1031 1813 1082 1881 uti,
1102 1832 1189 1892 quam

59 1906 92 1955 ut
106 1915 215 1955 nomen
228 1894 286 1954 hoc
299 1914 359 1953 non
374 1894 542 1953 inusitatum
555 1893 644 1952 fuisse
657 1892 794 1953 indicem.
836 1893 912 1952 Nam
927 1891 991 1972 quis
1003 1893 1077 1953 sciat
1089 1892 1189 1967 hodie,

58 1976 125 2058 quia
145 1997 248 2056 pagus,
262 1987 313 2036 aut
335 1976 414 2056 quod
428 1974 597 2055 oppidulum
615 1975 713 2046 fuerit,
739 1975 817 2034 unde
841 1986 922 2034 ortus
946 1985 1019 2034 erat
1030 1975 1079 2034 ille
1093 1974 1188 2034 Dino·

60 2058 181 2118 menes?
202 2058 327 2118 Granius
340 2059 453 2128 laborat
467 2057 540 2116 alter
552 2076 662 2128 versus,
677 2057 707 2114 in
732 2076 790 2135 quo
813 2055 883 2117 κέατ’
906 2067 1006 2135 aperte
1028 2067 1123 2116 metro
1144 2076 1190 2117 re·

58 2152 182 2219 pugnat.
223 2140 299 2198 Nam
314 2151 347 2198 ut
361 2159 428 2198 vere
441 2150 638 2217 asynartetum
653 2138 690 2197 sit
704 2138 761 2197 hoc
775 2149 911 2208 metrum,
922 2139 960 2196 de
974 2157 1031 2215 qua
1045 2158 1077 2198 re
1090 2149 1190 2198 tamen

58 2220 145 2281 valde
158 2221 284 2280 dubitari
295 2230 411 2300 potest,
425 2231 522 2279 tamen
536 2220 566 2277 in
581 2219 676 2279 media
689 2238 762 2279 voce
786 2239 845 2283 non
870 2219 965 2298 potuit
989 2220 1100 2298 syllaba
1122 2239 1189 2299 pro·
1256 2262 1261 2271 ·

59 2301 140 2375 duci,
155 2321 220 2382 quae
233 2302 264 2360 in
277 2302 336 2361 fine
349 2313 462 2361 tantum
476 2300 611 2360 vocabuli
635 2319 742 2379 anceps
755 2301 890 2359 habetur.
931 2302 1036 2378 Itaque
1057 2302 1190 2380 suspicor

57 2383 116 2444 hoc
132 2403 249 2463 quoque
270 2384 299 2442 in
312 2403 398 2442 versu
412 2402 519 2443 nomen
542 2383 691 2463 proprium
711 2383 815 2455 latere,
835 2392 870 2440 ut
888 2380 931 2440 sic
950 2382 1073 2442 sortasse
1097 2383 1187 2464 scrip·

55 2466 131 2526 serit
149 2466 279 2536 Alcaens,

140 2561 197 2670 {f
218 2563 253 2624 ’ἔτι
268 2564 393 2642 Διννομένῃ
416 2566 453 2642 spi
470 2568 603 2647 Τννρῥνινινῖςν

140 2670 264 2728 supporta,
286 2646 456 2728 Λαμπςαννιὲᾳ
469 2645 493 2703 τ’
508 2648 529 2705 ἓν
542 2650 682 2727 pagoariis&

58 2761 133 2822 Non
149 2772 193 2820 est
217 2761 288 2820 mihi
311 2761 429 2840 quidem
451 2760 618 2839 exemplum
636 2759 762 2819 nominis
787 2760 964 2845 Αιμννςνκίνις
989 2763 1020 2820 in
1039 2773 1192 2841 promptu:

57 2842 112 2904 sed
124 2842 198 2901 nihil
211 2842 283 2901 illud
295 2852 367 2922 puto
381 2841 545 2925 offensionis
558 2842 682 2915 habere,
694 2853 726 2902 nt
740 2854 770 2902 et
784 2855 865 2902 recte
878 2844 1034 2903 formatum
1057 2844 1093 2902 ab
1117 2845 1192 2917 ἄνις,

58 2925 189 2996 danista,
204 2934 236 2983 et
259 2923 492 2984 terminationem
513 2923 624 2991 habens
638 2924 830 2984 Doriensibus
853 2936 883 2984 et
896 2924 1084 2984 AEolensibus
1105 2924 1190 2985 valde

56 3007 204 3066 usitatam.

103 3092 150 3150 16.
172 3088 343 3167 Sequuntur
367 3087 445 3166 apud
460 3085 701 3166 Hephaestionem
715 3108 745 3168 p.
760 3093 810 3149 51.
828 3087 901 3171 (91)
914 3098 1041 3147 metrum
1052 3088 1191 3148 iambele·

54 3189 141 3250 gum,
164 3167 359 3241 Platonicum,
381 3167 578 3241 Pindaricum,
593 3169 768 3247 elegiacumc
782 3190 848 3249 quae
861 3188 920 3227 non
935 3181 1003 3229 sunt
1016 3180 1189 3249 asynarteta

10 3312 12 3317 ,
57 3253 108 3311 Ac
123 3251 162 3309 de
189 3250 320 3330 elegiaco
341 3243 459 3330 quidem
481 3270 566 3310 versu
587 3269 675 3329 supra
696 3251 747 3310 lib.
761 3249 803 3310 11.
823 3270 851 3310 c.
864 3253 915 3310 28.
930 3249 1109 3329 explicatum
1124 3261 1188 3311 est.

58 3344 168 3392 cetera
180 3332 257 3392 infra
270 3351 324 3392 suo
336 3333 404 3392 loco
418 3332 732 3392 commemorabuntur.

102 3416 151 3478 17.
172 3414 275 3494 Pergit
297 3412 347 3486 ille
367 3434 398 3492 p.
420 3418 470 3474 55.
496 3413 570 3496 (93)
587 3413 658 3474 ν’ίλλν
670 3413 837 3495 &cardeam-or
853 3414 939 3490 ὅμοίως
952 3416 1023 3474 nard
1035 3416 1076 3476 sir
1091 3413 1191 3495 agaim

57 3497 223 3558 ν’νηνπνίθννννν
238 3500 262 3571 i}
276 3503 400 3574 inpulsat
423 3493 538 3580 ὃνμέτςνυ
562 3496 745 3560 &scabimos
765 3501 811 3556 acti
834 3499 973 3578 τςνχνιῖνινῧ
997 3498 1190 3576 ἓφθννμνμνςνῢς,

58 3586 104 3640 ui
118 3578 274 3656 ubcvptiron
287 3575 451 3660 sagiminis·
473 3577 518 3637 οἷον
541 3584 569 3638 ri
583 3579 603 3637 ir
626 3583 677 3642 τοῖς
701 3576 885 3660 νὶνννφνςνμένονς
911 3582 942 3643 tic
965 3576 1120 3659 ’Δςχίλνχνν
1143 3576 1191 3635 Ἰν-

55 3660 181 3739 adunus·

140 3762 271 3842 Δι’μνντςνς
284 3761 360 3832 isvis
374 3764 421 3820 sal
431 3758 507 3842 Kignc
521 3760 562 3822 rit
578 3759 716 3840 aeaeriycgcs
731 3757 818 3827 σίβννν.

10 3896 16 3913 ·
100 3874 150 3933 18.
165 3871 374 3952 Etdeincepst
394 3874 465 3933 ν’ίλλν
478 3873 568 3935 anison
581 3870 711 3933 ἴλλννπνν
723 3876 795 3932 aava
818 3875 861 3936 cir
883 3872 1029 3933 carnalis
1043 3870 1186 3938 συλλιβνίν,

10 3962 20 4108 l

10 4116 19 4225 ῥν

98 3953 252 4033 amiantos
265 3952 420 4038 Erigsm'itsot
432 3953 801 4037 τνσσνιςνανννένκννσῦλλαβνν·
815 3955 860 4015 οἷον
875 3956 950 4036 ragal
964 3953 1009 4032 pir
1032 3951 1102 4031 αὐτῇ
1113 3952 1188 4033 Erigt·
1223 3967 1224 3970 ’

51 3959 124 4119 fa,
142 4035 268 4121 (sinc.
285 4036 370 4117 198.)
412 4088 429 4103 ,.

138 4154 192 4230 ἕξις
205 4151 270 4231 νὶνῖχ’
285 4152 400 4247 lanistas
414 4150 555 4246 ἷξέλνιμψνν
568 4151 658 4237 εἶπές.

50 4272 132 4354 ...ν
145 4265 173 4329 u
184 4270 219 4347 ss
232 4269 414 4348 mantuam,
432 4268 484 4351 (rr.
501 4268 586 4350 116.)
