2694 4866
108 284 167 345 rsa
570 272 651 334 nra.
671 273 713 333 11.
735 272 828 335 can.
849 271 933 333 xxi.
1034 254 1039 261 '

111 464 334 544 quaflnumerus
364 441 491 505 dochmii
513 442 563 517 ita,
584 454 619 501 ut
643 441 803 520 ancipitem
830 441 910 503 illam
929 441 1075 521 admittat,
1096 438 1206 511 constitui

111 543 215 614 possit:
1243 555 1245 562 ·

115 1096 193 1157 Nam
204 1104 255 1153 aut
269 1088 416 1150 anacrusis
430 1106 466 1148 ea
479 1087 590 1169 syllaba
604 1088 641 1150 sit
655 1110 777 1152 necesse
794 1103 850 1166 est,
864 1105 915 1154 aut
929 1093 1018 1155 thesis
1036 1092 1141 1155 finalis
1174 1088 1218 1154 sa·

114 1178 203 1257 liquae
217 1190 370 1244 mensura,
392 1190 463 1248 quas
478 1169 664 1231 dochmiacus
679 1174 816 1248 admittit,
836 1176 938 1235 eadem
952 1175 1091 1251 facilitate
1104 1177 1134 1233 in
1147 1172 1219 1255 quoli-

115 1259 167 1320 bet
180 1257 281 1314 harum
293 1252 381 1312 trium
394 1250 552 1311 formarum
566 1252 663 1312 locum
677 1254 837 1316 inveniunt.
879 1257 948 1315 Non
962 1256 1128 1317 dubitamus
1140 1250 1222 1316 und

115 1339 237 1423 primam
252 1353 361 1402 earum,
371 1353 408 1391 ex
424 1353 481 1411 qua
491 1333 540 1391 bic
553 1354 652 1393 versus
666 1348 742 1395 esset
757 1337 937 1397 Bacchiacus
951 1337 1075 1397 dimeter
1089 1334 1223 1397 catalecti·¹

117 1439 180 1492 cus,
193 1437 310 1497 prorsus
324 1415 454 1492 rejicere.
485 1415 560 1472 Nam
575 1417 630 1474 etsi
642 1416 762 1476 Plautus
776 1437 811 1476 ac
826 1418 981 1478 Terentius
993 1419 1052 1477 boc
1072 1438 1177 1497 genere
1188 1412 1225 1477 ui

114 1510 195 1570 sunt,
211 1510 309 1557 tamen
323 1495 401 1555 aliud
422 1506 476 1567 est,
491 1496 514 1553 si
528 1495 601 1553 illud
616 1498 795 1570 Bacchiacis,
817 1500 905 1572 aliud,
920 1502 945 1559 si
957 1502 1122 1578 antispastis
1134 1494 1238 1559 nritstte'¹

117 1596 176 1644 tur.
217 1579 306 1646 Quod
325 1598 363 1637 ne
384 1589 493 1636 temere
507 1576 606 1635 dicere
619 1577 729 1651 videar,
750 1581 853 1640 recitet
873 1580 944 1638 mibi
958 1582 1060 1661 aliquis
1074 1582 1127 1640 bos
1141 1594 1226 1638 versut

120 1662 253 1741 AEschyli
274 1660 441 1730 istomodo,
463 1670 503 1729 et,
518 1671 563 1716 sat
573 1659 643 1728 scio,
666 1661 785 1732 videbit,
801 1673 834 1720 ut
847 1663 877 1719 in
891 1662 960 1741 ipsis
979 1662 1158 1721 docbmiscis
1171 1656 1228 1720 farri

116 1746 207 1828 possit
219 1761 357 1801 numerus
367 1740 558 1810 Bacchiacus‚
573 1752 682 1812 tamen,
692 1753 832 1821 sequente
841 1743 871 1800 in
881 1744 968 1802 tertio
977 1762 1064 1803 versu
1074 1743 1227 1823 antispasto,

116 1824 328 1889 intolerabilem
344 1822 483 1882 exsistere
498 1841 685 1881 numerorum
700 1823 972 1885 inconcinnitatem:

197 1945 263 2002 imai
274 1940 296 1999 δ’
309 1937 421 2020 α’γῆνοςες
435 1940 565 2019 episoma
576 1947 688 2022 osgaro&

199 2021 320 2104 dopna-ius
336 2029 429 2093 σαγὰῖς
445 2021 544 2086 vibam
559 2019 676 2097 ἑβδόμαις

180 2160 183 2165 .
240 2106 421 2184 aegoot‘rraertur
431 2103 508 2180 πάλᾳ
518 2102 650 2180 λιχδηις.

119 2232 266 2292 Praeterea
297 2227 383 2306 plane
407 2235 508 2284 contra
533 2243 657 2296 morem,
684 2245 771 2303 quem
793 2245 900 2305 magna
923 2226 1078 2287 severitate
1099 2220 1233 2286 Graciin

114 2308 291 2374 'Bacchiacis
314 2309 480 2377 observant,
494 2306 524 2362 in
544 2305 724 2365 dochmiacis
740 2307 849 2386 ubique
862 2319 1046 2387 peccaretur,
1060 2302 1234 2387 producenda

114 2391 260 2451 'anacrusi
314 2389 479 2467 Repudiato
500 2387 589 2463 igitur
612 2388 777 2447 Baccbiaco
798 2408 931 2460 numero,
953 2409 1018 2468 quae
1039 2388 1160 2468 reliquae
1178 2393 1232 2446 sunt

120 2474 186 2532 duae
201 2470 420 2547 descriptiones,
435 2487 473 2525 ex
488 2468 521 2523 iis
535 2467 622 2537 banc,
638 2488 702 2546 quae
716 2469 793 2527 arsin
808 2470 884 2528 thesi
904 2470 1072 2530 destitutam
1085 2470 1162 2528 inter
1174 2467 1234 2526 duos

118 2555 229 2613 iambos
239 2552 338 2621 habet,
350 2568 406 2627 ego
417 2550 446 2605 in
467 2547 636 2626 praefatione
649 2549 687 2606 ad
709 2551 810 2629 Eurip.
833 2551 925 2612 Herc.
944 2551 1004 2609 fur.
1017 2571 1046 2628 p.
1067 2557 1095 2612 6.
1110 2545 1229 2628 probavi,

117 2637 148 2695 in
166 2652 258 2712 eaque
280 2631 375 2690 adhuc
390 2649 453 2688 sum
474 2630 626 2688 sententia.
669 2631 827 2703 Seidlerus,
847 2631 919 2689 nihil
933 2632 994 2711 ipse
1006 2633 1233 2770 decernenspflprp

116 2718 210 2779 altera
222 2715 325 2785 forma,
341 2733 406 2792 quae
427 2732 465 2770 ex
486 2712 582 2769 iambo
603 2722 657 2782 est,
673 2724 703 2771 et
716 2713 845 2771 trochaeo
860 2723 890 2771 et
910 2713 966 2771 arsi
980 2713 1069 2784 nuda,
1090 2711 1150 2770 boc

118 2809 334 2878 argumentum,
351 2795 431 2873 quod
444 2794 474 2851 in
488 2792 540 2851 illo
559 2812 655 2864 versu,
671 2794 721 2872 qui
734 2793 889 2872 saepissime
905 2794 1040 2872 jungitur
1061 2789 1235 2860 dochmiacit,

119 2891 219 2961 aperte
233 2878 347 2955 integer
366 2874 529 2953 antispastis
543 2885 599 2946 est,

198 2997 379 3076 metriasmos
387 3032 400 3042 -
410 2990 489 3069 πάλᾳ
504 2991 636 3066 laxistas·

118 3109 156 3169 Id
168 3127 240 3167 vero
253 3117 457 3185 argumentum
471 3122 574 3182 parurn
588 3106 659 3164 mihi
672 3106 788 3165 videtur
802 3106 940 3167 idoneum
955 3125 1030 3167 esse.
1073 3107 1151 3166 Nam
1164 3113 1235 3165 nui!=
1263 3162 1266 3167 ,

118 3210 153 3251 ra
167 3189 317 3267 antispasti
340 3207 400 3245 non
421 3197 465 3244 est
479 3185 508 3242 in
524 3205 559 3244 eo
579 3188 683 3264 posita,
704 3189 880 3253 utseounda
900 3189 970 3248 arsis
983 3187 1072 3248 etiarn
1086 3185 1235 3247 thesinbs·

117 3274 197 3346 beat,
222 3271 274 3330 sed
288 3271 317 3329 in
331 3289 376 3339 eo,
393 3281 424 3328 ut
435 3267 493 3327 arsi
507 3268 659 3327 anacrusin
673 3268 793 3329 habenti
804 3271 859 3330 alia
869 3269 1010 3330 continuo
1025 3270 1096 3329 arsis
1109 3264 1244 3350 subjicit·-

118 3367 176 3431 tur,

255 3485 263 3508 Ι
321 3482 330 3508 Ι

206 3485 347 3569 υ.ι..

118 3623 157 3719 Id
171 3621 260 3702 igitur
275 3640 364 3702 quum
384 3621 422 3681 sit
435 3621 465 3680 in
486 3621 554 3696 hac,
575 3641 664 3703 quam
684 3641 740 3702 ego
760 3640 858 3684 veram
879 3633 963 3703 puto,
978 3619 1108 3682 dochmii
1126 3611 1237 3695 detuli·
1263 3610 1267 3637 ³

119 3715 209 3777 tione,
224 3722 227 3727 ·
1192 3718 1196 3725 ’

249 3835 256 3859 Ι
317 3835 325 3860 Ι
417 3836 425 3861 Ι

200 3837 443 3919 υ..ι..ιυ..

122 3962 227 4041 etipse
241 3964 394 4024 dochmius
414 3965 540 4026 indolem
560 3969 681 4030 habebit
695 3968 920 4050 antispasticam,
936 3980 966 4029 et
980 3979 1062 4030 recte
1077 3982 1113 4029 co
1185 3962 1193 3980 '
1223 3954 1232 4037 f

120 4054 170 4101 tur
182 4046 312 4104 versibus
332 4046 450 4125 plenum
472 4049 662 4127 antispastum
683 4048 868 4113 habentibus.
910 4052 1022 4112 Contra
1040 4051 1065 4109 si
1085 4044 1242 4109 dochmiuu

120 4142 161 4183 ex
182 4125 340 4203 antispasto
361 4139 390 4187 et
411 4129 467 4188 arsi
489 4130 597 4189 nullam
611 4131 738 4193 habente
752 4134 906 4192 anacrusin
928 4132 1122 4210 compositum
1137 4120 1242 4210 putubi·

109 4223 197 4291 lmus,
211 4202 323 4266 indoles
337 4210 525 4289 antispastica
538 4230 574 4270 ea
595 4230 627 4271 re
640 4233 699 4272 non
713 4216 808 4292 major
823 4213 866 4288 fit,
881 4211 951 4273 arsis
962 4224 1061 4273 autem
1076 4213 1133 4273 ista
1146 4211 1178 4273 in
1195 4206 1245 4269 tu

122 4283 239 4364 adjecta
258 4285 464 4351 inconcinnum
485 4291 582 4352 reddit
602 4313 767 4368 numerum,
789 4307 819 4356 et
844 4295 906 4355 sine
928 4294 1064 4375 exemplo
1079 4305 1137 4369 est.
1177 4290 1246 4353 Nn

120 4384 185 4428 eam
205 4368 296 4451 ipsam
316 4370 576 4436 inconcinnitatem
597 4388 631 4436 ut
651 4375 776 4438 vitarent
796 4380 903 4460 poete,
918 4396 978 4437 non
991 4376 1129 4440 fecerunt
1143 4388 1246 4443 νθῐῠὶΰι
