2694 4866
184 310 245 367 sto
570 307 650 367 LIB.
671 309 730 401 Ill.
751 305 844 367 cAP.
864 305 920 365 IX.

186 493 233 533 vos
245 474 374 532 scribens
387 495 496 534 moeros.
538 477 581 534 At
603 472 767 554 hujusmodi
791 472 936 533 sententia
958 488 1103 551 nusquam
1128 471 1160 531 in
1183 472 1303 554 onyae:

186 553 339 614 invenitur.
382 556 411 614 si
436 555 508 614 fides
531 555 570 614 illi
593 556 760 635 Calpurnio,
781 556 851 626 sive,
873 572 931 632 quo
950 552 1012 612 solo
1032 564 1157 612 auctore
1177 552 1301 626 innotuit,

188 635 289 693 Paullo
304 636 437 707 Merulae,
453 638 525 695 mira
538 638 738 714 praesagitione
758 635 794 694 de
818 654 854 692 eo
877 634 1015 694 scribenti
1035 633 1065 694 in
1089 634 1301 713 prefationep

189 719 237 776 16.
258 725 277 754 “
292 716 355 775 haec
377 722 439 797 ejus
460 719 646 778 Continentia
670 720 744 800 (vox
764 716 813 774 illu
826 717 938 795 euripos
958 714 1088 795 Groecis)
1115 714 1234 775 Parisiis
1248 713 1301 819 (uti

188 804 209 835 ‘⁶
223 815 285 855 esse
300 798 441 857 indicarat
456 799 525 857 milri
548 800 615 857 olim
633 800 671 856 N.
696 800 733 857 V.
758 796 950 876 wolfgangus
969 796 1153 869 Zindelinus‚
1167 817 1229 877 quo
1240 800 1301 857 (rer-

189 887 208 916 “
223 896 372 937 manorum
388 880 555 960 Principum
566 879 682 940 nomine
693 879 824 938 Veneriis
837 890 943 956 agente
956 876 1138 937 familiariter
1155 897 1222 937 sum
1235 878 1299 953 usur)

189 969 209 997 ⁶⁶
224 971 354 1018 servatur
368 960 397 1018 in
413 961 594 1021 Bibliotheca
609 962 639 1020 S.
654 960 791 1030 Victoris,
806 959 916 1025 utinam
935 958 1114 1039 religiosius:
1135 959 1226 1019 timeo
1238 959 1299 1018 enin

188 1048 208 1077 ⁶‘
223 1038 264 1097 illi
278 1060 296 1097 a
309 1039 423 1119 plagi03
446 1041 511 1100 novi
532 1040 722 1122 quorumdam
745 1038 920 1103 criticorum
942 1056 1047 1099 mores.
1070 1043 1231 1119 conjuncta
1251 1048 1299 1099 ert

189 1129 210 1161 ‘⁶
225 1139 292 1180 cum
309 1124 429 1182 bucano
445 1124 490 1184 Μ.
505 1123 534 1183 8.
550 1124 671 1183 cuisuae
691 1122 728 1182 ad
751 1122 909 1201 marginem
932 1122 1055 1200 adjectae
1078 1132 1169 1195 notre,
1195 1121 1298 1181 reinna

190 1212 211 1240 ‘⁶
225 1207 379 1280 mngnoe:”
399 1205 510 1263 facturn
524 1224 587 1264 esse
601 1205 689 1275 enim,
714 1203 792 1283 quod
816 1215 946 1263 metuere
971 1203 1019 1262 hic
1039 1221 1071 1263 se
1095 1201 1180 1276 dicit,
1194 1213 1298 1262 testatur

164 1295 166 1299 '
190 1285 279 1343 Lanr.
303 1287 456 1344 Santenius
478 1287 508 1344 in
542 1286 672 1364 margine
699 1284 836 1363 exempli,
860 1285 939 1364 quod
965 1284 1112 1363 possideo,
1138 1284 1185 1344 bis
1210 1281 1300 1343 verbis:

191 1375 213 1404 ⁶⁶
229 1365 402 1444 Calpurnius
416 1385 494 1424 nuuc
508 1387 546 1426 ex
562 1366 673 1426 Lucani
688 1366 791 1425 codice
805 1366 920 1425 avulsus
934 1377 963 1425 et
977 1364 1109 1425 sublatus
1122 1377 1168 1425 est
1178 1366 1211 1422 θ’
1228 1363 1298 1443 igitur

190 1445 215 1504 si
234 1444 306 1506 fides
319 1459 363 1507 est
379 1447 547 1526 Calpurnio,
561 1450 603 1506 sic
617 1448 713 1526 potius
727 1446 874 1525 scripsisse
888 1446 1002 1504 Livium
1016 1459 1140 1525 putemr

261 1578 295 1635 nh
308 1581 418 1707 qesffios,
431 1592 541 1648 vestros,
553 1583 616 1637 dum
627 1581 671 1638 hic
684 1581 816 1648 mentitis,
834 1589 921 1637 curtet
934 1597 1029 1636 nervos

262 1668 309 1723 per
329 1671 362 1707 ue
383 1671 413 1708 rs.
950 1682 952 1688 v

193 1755 319 1814 Possunt
341 1755 405 1815 haec
429 1757 516 1816 etiam
540 1759 623 1819 aliter
646 1759 784 1838 disposita
805 1758 903 1835 ⁸versui
928 1755 1066 1820 Saturnio
1093 1748 1294 1816 accommodati·
1338 1830 1339 1839 ἵ

195 1836 304 1896 Similia
316 1836 361 1896 lris
374 1850 441 1897 sunt
456 1840 534 1919 apud
549 1841 712 1900 Homerum
727 1839 751 1901 i.
765 1846 835 1901 684.

271 1954 521 2032 pipimisium,
535 1953 593 2032 μηδ’
607 1955 703 2016 alnao&
717 1958 875 2031 iponiensium

272 2033 377 2096 insse
389 2041 436 2095 acl
448 2037 559 2114 πύματα
573 2047 610 2097 νῦν
624 2034 707 2096 isiciis
721 2036 877 2106 lucrinum,

273 2114 297 2175 oi
308 2116 377 2194 idp'
389 2118 537 2200 emrglprm
549 2121 632 2188 βίοτον
644 2120 801 2201 »stratigius
815 2117 919 2177 xenaia.

235 2255 283 2311 30.
298 2249 392 2308 Venio
406 2248 443 2307 ad
464 2250 520 2311 Co.
537 2250 679 2322 Nerium,
694 2268 779 2329 quern
794 2248 871 2307 idem
886 2216 1003 2307 Merula
1016 2246 1047 2305 in
1061 2236 1296 2307 commentationi

196 2330 323 2392 Ennium
338 2350 366 2409 p.
382 2337 430 2394 45.
447 2332 550 2409 Sangoe
564 2349 727 2409 cognomen
740 2330 874 2389 habuisse
888 2348 926 2389 ax
941 2328 1101 2408 Calpurnio
1116 2328 1241 2410 conJicit.
1263 2320 1296 2385 bl
1332 2319 1339 2373 l

121 2483 123 2489 Ι
195 2432 232 2476 eo
245 2410 354 2470 bellum
369 2412 510 2473 Punicum
526 2412 660 2490 primum,
676 2412 706 2469 in
719 2431 777 2491 quo
791 2412 852 2490 ipse
866 2409 1010 2489 stipendio
1022 2410 1146 2482 fecerat,
1160 2404 1296 2469 urbebu
1331 2415 1339 2473 l

196 2492 296 2552 XVlI.
310 2498 359 2554 91.
372 2512 411 2551 ex
432 2496 561 2552 Varrone
575 2494 672 2560 refert,
688 2493 817 2553 versibus
833 2491 975 2552 Saturniis
989 2491 1142 2570 scriptum,
1158 2490 1242 2570 idque
1253 2502 1297 2546 cat·

195 2593 263 2632 rnen
283 2593 301 2633 a
322 2575 357 2633 C.
378 2574 503 2633 Octavio
524 2574 721 2653 Lampadione
742 2575 771 2632 in
798 2585 910 2652 septem
937 2573 1025 2631 libros
1049 2572 1220 2631 distinctum
1243 2583 1295 2630 eat

196 2656 265 2715 satis
279 2666 380 2713 notum
396 2668 450 2717 est.
491 2656 567 2715 Vide
582 2656 645 2716 Cic.
659 2657 687 2713 in
703 2656 795 2714 Bruto
810 2674 836 2713 c.
854 2660 900 2716 19.
913 2653 1084 2713 deSenect.
1096 2673 1124 2713 c.
1139 2660 1185 2715 14.
1201 2653 1297 2736 Suetu-

196 2739 233 2796 de
247 2736 348 2796 illustr.
362 2757 484 2814 gramm.
500 2757 526 2797 c.
541 2745 569 2799 2.
584 2738 701 2798 Festum
715 2757 742 2797 v.
762 2739 896 2797 Saturno.
938 2737 1035 2813 Hujus
1056 2754 1176 2814 quoque
1190 2729 1297 2793 carmin!

196 2819 334 2898 pleraque
347 2818 511 2895 fragmenta
523 2819 648 2879 afferam.

237 2904 286 2958 31.
308 2899 467 2958 Exordium
485 2901 601 2960 Merula
614 2899 651 2959 sd
667 2899 793 2960 Ennium
812 2919 842 2993 p.
862 2903 912 2959 41.
932 2916 1012 2976 seqq.
1032 2895 1113 2974 apud
1133 2891 1297 2974 Calpumiuu
1329 2958 1334 2965 ι

197 2981 237 3036 ita
250 2979 390 3057 scripturn
404 2981 525 3038 inveniri
539 2980 626 3040 dicit:
642 2991 661 3021 ‘⁶
676 2980 725 3058 qui
736 2992 824 3039 terrai
837 2978 932 3038 Latini
946 2995 1086 3037 omnoues
1100 2987 1233 3041 tuterunt
1243 2973 1296 3032 vim

198 3069 216 3096 ‘⁶
231 3059 377 3139 rudesque
392 3060 512 3119 Poenica
524 3062 635 3121 fabor.”
676 3061 809 3120 Fortasse
822 3061 886 3120 bec
900 3060 941 3120 ita
954 3057 1124 3120 scribenda:

269 3178 323 3247 Qui
335 3178 414 3233 terrai
426 3179 512 3234 Latidi
523 3179 650 3234 bembnes
662 3187 834 3235 contuserunt

268 3250 336 3305 virds
348 3249 488 3323 frudesque
501 3251 592 3317 Poeni,
604 3250 687 3306 sibor.

198 3363 290 3421 Orsus
305 3372 367 3419 erat
381 3360 499 3419 Naevius
514 3380 531 3419 a
546 3360 617 3438 iuga
631 3361 743 3419 AEneae.
784 3359 953 3419 Macrobius
969 3359 1031 3419 Sat.
1047 3353 1102 3415 vl.
1118 3361 1148 3420 2.
1169 3369 1189 3394 “
1203 3355 1230 3412 in
1242 3347 1294 3437 prii·

200 3453 220 3483 ·‘
235 3444 311 3522 cipio
328 3438 467 3500 AEneidos
492 3434 846 3520 tempestasfdescribitun
861 3453 891 3500 et
906 3444 1005 3500 Venus
1019 3439 1098 3525 apud
1112 3440 1216 3498 Jovern
1227 3445 1294 3525 quel·
1319 3445 1339 3505 12

198 3535 220 3565 ⁶⁶
235 3539 283 3584 tur
297 3522 334 3583 de
348 3523 483 3602 periculis
506 3522 567 3594 filii,
590 3534 620 3581 et
643 3523 780 3602 luppiter
802 3541 865 3581 eam
890 3521 927 3581 de
950 3522 1116 3580 futurorum
1137 3519 1295 3599 prosperllfl?

198 3616 218 3645 ⁶⁶
233 3605 351 3664 solatur.
365 3604 414 3663 hic
427 3604 509 3663 locus
523 3616 602 3664 totus
615 3615 747 3683 sumptus
769 3623 786 3662 a
808 3603 910 3662 Naevio
932 3613 976 3662 est
1000 3621 1038 3660 ex
1060 3603 1156 3680 primo
1169 3584 1292 3685 librobel‘

199 3697 219 3726 ⁶⁶
237 3685 349 3746 Punici.
369 3685 428 3744 illic
441 3685 519 3745 enim
543 3705 626 3764 aeque
649 3687 751 3745 Venus
774 3685 906 3764 Trojnnis
930 3693 1105 3761 tempestate
1130 3674 1293 3741 laborantllli
1317 3750 1320 3757 Ι

201 3778 221 3809 ⁶⁶
238 3786 305 3825 cum
318 3767 394 3826 Jove
409 3767 557 3844 queritur:
579 3778 609 3825 et
617 3777 778 3846 sequuntur
791 3767 878 3825 verba
892 3765 973 3826 Jovis
986 3764 1073 3821 filium
1087 3757 1294 3838 comeranus}
1317 3766 1323 3791 ’·

199 3859 221 3890 ⁶⁶
234 3848 432 3907 futurorum.’'
476 3848 591 3908 Servius
604 3850 642 3907 od
656 3849 724 3907 AEn.
741 3847 764 3905 l.
778 3852 844 3908 198.
861 3857 879 3887 ⁶⁶
889 3859 919 3906 et
929 3856 1008 3905 totus
1021 3844 1070 3902 hic
1084 3844 1167 3903 locus
1181 3843 1216 3901 de
1228 3836 1292 3896 Nt‘i
1317 3839 1339 3873 ‘⁶'

202 4019 222 4048 ‘⁶
237 4020 334 4067 tamen
359 4028 421 4067 rem
446 4009 562 4068 Naevius
586 4009 663 4069 bello
679 4011 790 4069 Punico
804 4008 884 4079 dicit,
901 4028 987 4066 uuum
1003 4026 1106 4066 narem
1127 4003 1249 4064 babuisse
1260 3988 1291 4051 li·

203 4099 223 4129 ⁶⁶
239 4108 334 4159 neam,
348 4109 433 4169 quam
457 4090 622 4150 Mercurius
642 4091 777 4151 iecerit.”
822 4093 860 4151 Et
881 4089 918 4149 ad
939 4091 993 4148 lX.
1014 4093 1083 4154 715.
1104 4087 1144 4146 de
1164 4079 1290 4156 emmiu
1313 4114 1339 4153 r.

202 4177 222 4209 ⁶⁶
237 4168 313 4228 hauc
328 4171 445 4230 Naevius
459 4172 488 4230 in
502 4172 594 4251 primo
621 4172 695 4230 Belli
719 4173 821 4231 Punici
844 4172 881 4232 de
902 4181 1026 4247 cognata
1042 4169 1147 4228 AEneae
1159 4166 1290 4248 nomen?
1324 4220 1339 4247 ¹

203 4260 222 4290 ‘⁶
238 4249 349 4327 cepisse
363 4254 466 4312 dicit.”
509 4252 589 4312 ldern
605 4251 642 4310 ad
656 4253 710 4315 1V.
725 4260 755 4315 9.
770 4263 790 4293 “
805 4258 887 4333 cujus
898 4251 1080 4310 iiliaeiuerint
1092 4252 1181 4308 Anna
1191 4254 1219 4305 et
1231 4232 1291 4321 ortu
1312 4281 1324 4336 p

204 4341 223 4373 ⁶⁶
241 4331 358 4394 Nerius
372 4332 474 4396 dixit?
516 4334 556 4394 Et
569 4332 607 4392 ad
620 4336 644 4395 I.
664 4338 733 4399 273.
754 4346 774 4375 ‘⁶
794 4336 911 4396 Nerius
931 4345 961 4394 et
976 4333 1088 4395 Ennius
1103 4331 1203 4391 AEueae
1214 4311 1292 4384 exii!

755 4467 772 4517 ,1
