2694 4866
120 272 179 333 tut
426 276 431 287 ’
475 264 556 327 ΠΒ.
577 262 618 323 11.
640 263 733 325 CAP.
753 263 883 325 XXXII.

208 438 257 510 byei
270 440 322 518 γιὶς
332 434 369 497 ἴτ’
379 435 411 497 v'ls
421 434 512 496 odam
525 433 635 513 κέρμ’
649 430 680 495 dr
693 433 837 513 ι’ςχιυμίιι,

207 517 265 580 stirs
276 517 364 592 γόνατ’
376 516 408 578 air
421 516 498 582 adm
512 512 563 576 ἵλιι
575 540 608 592 yet
619 519 783 597 uuas-igue.

290 600 368 659 ’θίλιι
382 596 402 657 ἴ
418 600 459 658 brt
472 603 524 657 miv
537 595 597 656 tim

206 683 275 779 pond
289 676 366 750 τῶδ’,
387 685 472 758 &ptris
486 675 558 753 ἕνεχ’,
571 676 611 742 alr
624 675 655 735 ivr
670 676 752 753 φῦσις,

101 824 104 833 ,
207 784 237 821 ιιι
250 761 337 841 xvim,
353 758 384 820 ist
396 758 503 841 θςᾶσος,
514 757 544 818 l'rs
558 756 584 817 >l
597 764 625 817 τὶ
640 759 726 832 σοφόν,
739 756 770 815 't'ss

288 843 423 917 φιλῦπολις
444 844 515 922 rigaris
529 842 652 922 φςᾶνιμις.

128 955 261 1017 Formam
282 962 435 1040 upaslpo,
457 955 532 1014 tueri
553 953 668 1013 videtur
696 950 873 1031 Hesychius.
915 951 1007 1031 Apud
1028 941 1225 1032 AEacbylumil

127 1038 224 1099 Persis
237 1039 305 1097 inde
319 1057 376 1096 av.
398 1042 467 1098 934.
480 1035 586 1115 sapius
598 1032 874 1113 proceleusmaticus
892 1042 922 1091 et
942 1044 1108 1112 anapoestns
1120 1051 1174 1091 uno
1182 1048 1225 1089 rer·

129 1120 222 1179 siculo
245 1118 351 1200 juncti,
373 1136 462 1197 quum
484 1115 570 1175 medii
591 1115 649 1174 sint
669 1115 746 1175 inter
765 1114 837 1174 alios
857 1124 1029 1192 anapaestos,
1062 1115 1117 1192 ipsi
1137 1126 1227 1193 qooqut

127 1200 264 1259 videntur
284 1199 449 1278 anapaestici
470 1217 548 1258 esse:
568 1197 622 1255 etsi
644 1215 718 1255 unus
739 1207 828 1275 atque
847 1194 921 1253 alter
941 1194 1137 1273 suspicionem
1154 1194 1228 1252 facere

124 1292 248 1359 possunt
262 1281 375 1340 numeri
389 1279 562 1349 dochmiaci,
584 1277 613 1334 in
626 1296 714 1356 quam
734 1275 908 1338 sententiam
927 1274 1088 1335 inclinabat
1109 1273 1230 1335 Seidluru
1266 1310 1269 1357 i

127 1360 166 1421 de
181 1381 266 1420 veras.
288 1362 404 1421 dochm.
419 1381 449 1439 p.
473 1363 538 1424 176.
580 1358 697 1416 Addam
718 1358 805 1417 aliurn
820 1357 928 1426 locum,
943 1356 1230 1436 inquofrequenat
1266 1366 1269 1382 ¹

124 1442 412 1521 proceleusmaticus,
428 1439 631 1519 Aristophanis
645 1439 675 1498 in
697 1439 811 1498 Avibus
833 1457 859 1497 v.
881 1440 948 1499 338.
973 1456 1099 1515 quornm
1120 1436 1229 1497 antistru·
1267 1428 1269 1451 '

126 1523 229 1603 phicos
242 1543 269 1582 v.
291 1530 359 1584 344.
374 1522 511 1603 quoniam
525 1520 727 1581 emendatione
742 1521 776 1580 iis
795 1538 867 1599 opus
881 1529 936 1592 est,
949 1517 1134 1580 adscribamr

204 1637 292 1711 ἔξαγ’,
306 1638 373 1700 las-12⁹
375 1681 384 1710 ,
406 1641 501 1722 ἓτίφιςι

205 1721 325 1797 πολέμιοι
339 1725 418 1803 δςμιὶι
432 1724 524 1793 φονίαν,
538 1720 655 1802 migvyoi
667 1739 702 1779 τι·

206 1801 296 1882 πάντᾳ
308 1802 334 1862 τ’
346 1805 461 1871 medear,
477 1806 530 1908 reip
544 1829 571 1863 τι
583 1801 727 1862 sienem·

203 1883 235 1949 eis
249 1880 353 1943 drisci&
369 1885 478 1962 οὶμάζιιν
497 1886 586 1962 ἄμφω,

243 1961 386 2026 residederet
401 1964 488 2046 ῥύγχει
503 1964 611 2047 φοςβᾶι.

126 2077 185 2140 Ubi
200 2077 320 2138 observa
332 2079 443 2138 hiatum
458 2079 487 2137 in
512 2078 571 2139 line
591 2098 690 2140 versus
704 2090 734 2139 et
748 2078 909 2140 sententiae.

166 2165 214 2221 16.
236 2162 336 2241 Atque
360 2161 417 2220 hoc
431 2162 548 2240 quidem
563 2182 655 2242 genus
670 2161 835 2222 liberiornrn
861 2170 1074 2239 anapaestnrum
1096 2158 1170 2242 apud
1185 2166 1228 2217 ltu·

121 2240 204 2319 gicos
218 2241 481 2321 frequentissimum
496 2254 551 2314 est,
565 2243 691 2302 maxime
702 2243 731 2300 in
746 2241 909 2301 recentiore
921 2241 1074 2321 tragoedia.
1097 2238 1228 2320 Antiquior

123 2321 202 2381 enim
216 2324 331 2402 parcius
345 2344 381 2383 eo
395 2343 447 2383 usa
467 2323 592 2396 videtur,
607 2323 764 2403 AEschylus
784 2322 833 2380 bic
847 2322 911 2380 illic
926 2322 1038 2400 aliquos
1051 2322 1150 2396 babet,
1162 2317 1228 2381 etsit

123 2402 211 2461 etiam
224 2403 401 2482 Sophocles:
422 2404 475 2463 sed
497 2405 609 2484 praeivit
632 2416 742 2477 tamen,
767 2414 799 2461 ut
822 2403 946 2476 videtur,
966 2401 1024 2463 hac
1043 2401 1228 2483 qnoqueinrt
1264 2396 1269 2481 J

124 2483 291 2561 AEschylus,
314 2485 391 2563 apud
416 2505 501 2563 quem
524 2505 614 2544 unum
634 2486 747 2564 insigne
767 2483 934 2563 exemplum
956 2484 1066 2544 diutius
1089 2475 1228 2544 continuati

121 2562 209 2641 hujus
230 2566 342 2624 numeri
362 2566 502 2625 habemus
526 2566 555 2622 in
582 2567 676 2626 Persis
690 2588 717 2626 v.
738 2572 807 2630 925.
828 2585 908 2645 seqq.
950 2565 1107 2643 Euripides
1120 2556 1228 2626 vernol
1258 2567 1259 2570 ’

120 2645 285 2706 satietatem
310 2666 401 2727 usqne
425 2647 583 2726 usurpavit,
605 2647 689 2707 utin
715 2648 851 2718 Hecuba,
876 2646 905 2704 in
921 2647 1095 2717 Troadibus,
1120 2647 1148 2705 in
1167 2641 1227 2723 Iphi·
1262 2677 1269 2729 ὲ

120 2726 208 2804 genia
222 2728 251 2785 in
266 2729 379 2802 Tauris,
394 2729 424 2787 in
439 2732 521 2790 Ione.
562 2731 651 2790 Caret
664 2729 722 2789 lrnc
736 2748 828 2807 genus
842 2726 1016 2788 necessitate
1036 2746 1154 2788 caesurae
1171 2721 1228 2784 mul·

120 2820 226 2885 tosque
240 2809 394 2869 continuos
409 2821 487 2870 amat
500 2811 700 2889 paroemiacos,
716 2830 824 2889 eosque
832 2810 1003 2888 plerumque
1011 2819 1092 2870 totos
1104 2828 1143 2868 ex
1155 2802 1227 2883 longit
1261 2817 1269 2873 [

119 2889 238 2965 syllabis
258 2890 361 2951 factos.
403 2891 479 2948 Nam
493 2892 612 2950 omnino
625 2892 666 2951 ita
678 2891 824 2971 spondeus
837 2891 867 2948 in
880 2890 925 2948 his
938 2890 1069 2950 versibus
1082 2891 1227 2968 regnanti
1261 2945 1265 2967 .

120 2969 186 3046 jure
207 2971 345 3048 anapaesti
358 2971 508 3049 spondiaci
528 2972 665 3050 appellari
678 2972 799 3050 possint,
814 2972 868 3031 etsi
881 2972 968 3031 iidem
982 2970 1072 3030 etiam
1086 2968 1228 3050 prooeleru·
1261 2970 1269 2979 '

120 3049 245 3109 maticos
266 3051 419 3130 recipiunt.
461 3053 608 3112 Casuram
628 3073 704 3132 saepe
719 3054 755 3112 de
771 3052 912 3113 industria
924 3051 1092 3129 neglectam
1111 3051 1229 3117 videno,
1267 3110 1269 3115 ,

120 3148 181 3207 qno
193 3132 290 3190 statim
304 3133 390 3192 aliam
402 3132 529 3192 indolem
544 3134 574 3191 bi
588 3154 686 3194 versus
700 3133 867 3212 proderent.
888 3131 1061 3192 Paroemiaci
1076 3152 1163 3214 quum
1174 3145 1226 3191 cuu-

120 3210 195 3270 tinui
215 3225 374 3292 ponuntur,
395 3226 529 3294 apertum
542 3227 596 3287 est,
611 3215 679 3293 quia
691 3226 796 3275 natura
815 3232 868 3274 sna
888 3213 1052 3274 catalectici
1072 3225 1149 3287 sunt,
1168 3206 1225 3270 null
1256 3271 1269 3281 ,

120 3310 171 3351 eos
185 3296 297 3355 numeri
309 3297 503 3375 perpetuitate
514 3296 670 3357 cohaerere.
691 3299 794 3374 Itaque
805 3295 874 3355 etin
883 3295 1014 3355 vocalem
1025 3295 1109 3355 exire
1118 3298 1224 3375 possum

120 3389 262 3452 sequente
289 3396 375 3436 versu
401 3398 419 3437 a
439 3378 532 3437 vocali
552 3378 721 3456 incipiente,
742 3388 772 3437 et
792 3376 933 3455 syllabam
952 3375 1112 3454 ancipitem
1131 3375 1223 3435 habeut·
1252 3383 1269 3419 ³²

121 3456 250 3516 Curatur
269 3470 378 3532 tamen,
400 3471 432 3518 nt
445 3459 616 3538 plerumque
629 3458 660 3516 in
673 3458 762 3535 longa
774 3457 884 3536 syllaba
897 3457 1101 3531 terminentur,
1114 3455 1185 3536 quod
1193 3450 1223 3511 tit
1251 3452 1269 3489 ²

120 3539 216 3616 aptius
230 3540 259 3596 in
274 3551 332 3598 tarn
347 3540 431 3599 tardo
446 3554 475 3600 et
483 3541 565 3619 gravi
578 3559 700 3600 numero
709 3559 766 3599 vox
778 3538 943 3617 requiescit.
965 3538 1117 3598 Interdum
1127 3548 1223 3616 aputu·
1251 3560 1268 3598 :-

120 3619 216 3678 miaco
235 3620 349 3680 initium
363 3622 406 3692 fit,
422 3623 497 3681 utin
512 3622 620 3681 Troad.
637 3625 704 3683 122.
746 3619 973 3698 Nonnumquam
988 3619 1077 3679 etiam
1091 3620 1138 3679 alii
1149 3624 1223 3676 versu

120 3700 326 3775 admiscentur,
349 3702 431 3761 utin
473 3703 599 3762 Hecuba
612 3713 642 3762 et
656 3701 686 3759 in
707 3704 789 3761 Ione.
831 3701 975 3780 Exempla
988 3701 1092 3761 afferre
1105 3704 1223 3773 nonopfl
1253 3709 1269 3764 ὲ

121 3799 184 3838 csse
195 3784 329 3854 arbitror,
343 3802 433 3860 quum
447 3783 563 3855 fabnlae,
577 3803 648 3862 quas
662 3782 796 3856 indicavi,
810 3782 913 3841 borum
927 3782 1043 3841 abunde
1054 3778 1227 3863 suppeditent

124 3861 275 3922 Invenitur
288 3877 385 3924 autem
397 3864 454 3922 boc
468 3885 560 3941 genus
571 3885 628 3925 non
640 3866 732 3924 solum
748 3864 776 3921 in
791 3864 944 3942 tragoedia,
958 3862 1010 3922 sed
1024 3875 1185 3943 usurpatum
1195 3860 1225 3915 eli

123 3941 237 4001 etiamn
248 3947 378 4005 comicis:
392 3944 456 4003 vide
467 3946 616 4025 Aristoph.
625 3946 654 4003 in
666 3947 741 4005 llan.
752 3948 821 4009 372.
831 3946 907 4005 sain
919 3947 976 4002 Av.
988 3940 1224 4025 1058.ss.in1’aq
1248 3987 1253 4019 ,

123 4027 193 4082 433.
207 4044 231 4084 s.
242 4031 311 4086 464.
320 4047 401 4107 seqq.
413 4037 446 4084 ut
457 4026 528 4090 alins
538 4027 691 4085 nonnullos
701 4027 782 4086 locos
791 4036 970 4105 praeteream.
999 4025 1045 4084 Illi
1055 4026 1179 4105 quidem,
1190 4030 1225 4097 <1¹¹¹
1249 4028 1269 4085 ι’

122 4115 189 4160 sunt
204 4104 232 4162 in
244 4104 334 4167 Ranis
347 4130 376 4169 v.
389 4112 457 4171 373.
471 4126 508 4167 ss.
519 4127 578 4165 non
587 4107 721 4166 videntur
733 4107 935 4185 antistrophici
948 4126 1021 4167 esse.
1063 4106 1226 4179 omninoque

110 4202 183 4241 ¹non
208 4197 280 4263 puto
303 4203 384 4251 recte
407 4188 570 4248 Seidlernm
594 4188 782 4261 contendere,
806 4189 914 4266 ubique
937 4189 1162 4268 antistropbicos
1181 4194 1229 4243 et!
1261 4236 1263 4245 ,

123 4263 177 4322 bos
191 4281 361 4344 anapaestos.
401 4273 436 4331 In
459 4268 555 4349 Iphig.
576 4270 665 4330 Tanr.
684 4270 708 4328 si
735 4281 803 4331 sunt
829 4269 1041 4348 antistrophici,
1063 4281 1145 4330 certe
1164 4259 1239 4327 dita'

68 4410 83 4435 ‚.
122 4345 256 4425 strophas
277 4353 414 4412 constitui
435 4352 554 4419 debere,
576 4370 661 4429 quarn
677 4351 823 4412 Seidlerns
842 4351 924 4422 fecit,
939 4349 1054 4411 ostendi
1068 4352 1099 4410 in
1114 4360 1230 4413 ceum
1258 4344 1266 4388 ἦ

124 4446 188 4506 quae
203 4429 313 4494 inserta
326 4445 371 4496 est
386 4432 484 4496 diariis
505 4432 596 4496 litter.
615 4432 697 4515 Lips.
721 4439 808 4498 1313.
827 4453 867 4495 tn.
888 4432 1013 4495 Octobr.
1033 4452 1063 4494 n.
1085 4430 1232 4501 adl-27⁰
1260 4429 1269 4473 V
