2694 4866
331 236 390 298 DE
412 234 681 300 CARMINIBUS
702 238 915 308 CHORICIS·
1126 245 1187 310 477

93 410 168 474 574.
181 406 220 465 ‹le
233 425 292 485 quo
306 405 372 466 loco
388 405 499 467 dict-um
512 406 619 467 ibidem
632 428 662 487 p.
685 413 754 470 349.
796 408 901 488 Neque
924 408 1009 469 aliter
1031 410 1124 470 sentio
1144 411 1183 471 de

90 488 386 653 plppmiphiglppnnissis
406 509 433 547 v.
457 493 529 551 681.
548 509 624 570 quae,
649 490 704 552 uisi
717 491 836 572 egregie
848 491 944 565 fallor,
958 512 996 552 ex
1011 491 1055 552 his
1069 504 1185 553 constat

216 692 263 747 ml
277 685 314 757 ci,
328 691 369 746 rit
388 684 547 769 agoptdrogo'r
1030 716 1106 773 arg.

217 794 280 828 ονονν
292 768 417 842 γένεθλον,
431 765 452 825 οἳ
466 774 525 836 Δοὶς

217 849 282 916 Ἰοῦς
302 850 325 909 τ’
338 847 444 922 Moror,

139 930 250 1003 inintr’,
264 929 373 1002 ἔνοοῖλνο’,
388 931 426 1001 toi,
440 929 566 1013 liaegssa'ggt
579 934 641 1010 βοςῗ,

140 1014 178 1084 iol,
191 1014 356 1094 βιςβοίςονονν
371 1016 390 1071 ἐν
403 1019 499 1078 λιταῖς·
739 1017 741 1021 ⁴

218 1097 295 1164 βᾶθι,
309 1096 376 1163 firi&
391 1091 464 1153 rrirlr
476 1099 536 1165 γαῖν·

220 1179 262 1234 σοι’
274 1201 304 1233 ννν
317 1173 409 1247 ’ἔκγονον
422 1175 521 1234 κτίσαν·

219 1253 240 1334 ᾇ
252 1254 365 1331 irorata
377 1257 445 1326 θεοί,
461 1281 463 1286 ·

218 1337 399 1418 Urgo-iomar,
413 1340 460 1395 κον)
478 1338 546 1410 φίλον

226 1414 354 1500 Δοομοίοννς
369 1413 422 1486 troi,

142 1499 241 1561 πάντων
255 1497 364 1568 οἴνοπι,
379 1496 479 1558 adnm
492 1496 518 1558 ii
533 1505 571 1559 ΓΞ
584 1498 685 1581 agapis,

139 1582 278 1646 ἶνιννὶοοοννο·
299 1578 387 1657 ariam
403 1606 440 1640 arv
456 1579 545 1663 φδςοος

218 1661 289 1728 Suis·
309 1661 390 1737 οἷμοννο
403 1607 464 1741 tp'lr
476 1667 523 1742 γᾷ·

220 1743 309 1803 xiiiia
322 1740 344 1802 ἲ
359 1747 447 1807 strat
458 1745 535 1810 θοοῖς.

88 1857 201 1918 itiatam
214 1857 292 1917 enim
305 1875 368 1916 esse
381 1856 528 1935 vulgatam
541 1854 698 1916 lectionem
712 1872 835 1935 arguere
859 1855 996 1917 videntur
1019 1856 1106 1919 codd.
1121 1858 1188 1920 Flo·

89 1939 177 2014 utini,
191 1957 314 2019 quorum
329 1957 404 1997 unus
416 1939 479 2014 Ἰοῦς
493 1938 518 1998 τ’
535 1937 640 2013 byssos,
657 1936 730 1997 allus
748 1939 806 1998 ποτ’
821 1936 948 2014 'Emer
971 1939 1066 2015 lagaron
1089 1940 1189 2002 habet.

89 2041 166 2100 aque
186 2020 292 2093 dehis,
307 2039 454 2099 quievere
478 2019 564 2100 epodi
584 2031 662 2093 sunt,
686 2018 728 2078 ita
748 2019 908 2091 tenendum
931 2033 985 2094 est,
1009 2041 1086 2102 saepe
1109 2021 1139 2079 in
1153 2022 1188 2083 iis

89 2105 165 2163 idem
179 2113 270 2163 metra
284 2101 417 2181 repetita,
432 2100 484 2178 sed
496 2101 590 2160 mixta
602 2100 689 2160 etiam
704 2099 766 2160 aliia
783 2101 894 2174 matris,
907 2101 1043 2181 inveniri,
1055 2114 1087 2162 ut
1100 2122 1136 2162 ea
1156 2122 1189 2164 re

89 2184 209 2260 ,terdumff
228 2194 325 2264 partes
339 2201 438 2242 earum
451 2181 506 2242 sibi
519 2181 670 2243 simillimae
687 2182 754 2242 sint.
795 2183 871 2242 Nam
897 2185 976 2262 quod
991 2183 1020 2242 in
1036 2184 1190 2245 Britanno-

89 2287 128 2325 un
142 2265 246 2345 Diarioy
258 2265 388 2336 classico,
403 2265 427 2324 si
439 2263 516 2324 bene
530 2263 659 2337 memini,
679 2263 717 2323 ab
742 2264 841 2325 nescio
866 2284 924 2343 quo
948 2264 1096 2345 proditum
1117 2266 1188 2346 legi,

89 2352 147 2406 Lnos
161 2367 274 2426 semper
289 2347 414 2425 aequales
427 2365 526 2406 versus
539 2345 569 2404 in
583 2345 684 2425 epodis
708 2365 771 2406 esse
791 2365 809 2405 a
828 2346 947 2426 tragicis
961 2351 1142 2428 conjunctos,
1158 2346 1189 2406 id

90 2429 203 2488 usmodi
217 2441 272 2501 est,
285 2439 318 2487 ut
333 2427 420 2488 mirer
433 2427 462 2485 in
477 2440 605 2488 mentem
619 2427 755 2507 cuiquam
769 2425 868 2487 venire
881 2426 1019 2507 potuisse.

105 2516 153 2570 13.
167 2511 278 2569 Praeter
291 2509 432 2588 parodum
446 2521 478 2569 et
490 2509 607 2569 stasima
620 2509 875 2570 commemoranda
893 2520 962 2569 sunt
975 2512 1063 2573 etiam
1076 2530 1112 2571 ea
1125 2529 1190 2571 car·
1282 2560 1286 2568 .

89 2592 150 2664 ina,
179 2592 282 2671 quibua
310 2590 456 2650 interdum
477 2591 618 2650 finiuntur
639 2591 801 2670 tragoediae.
850 2590 927 2650 Haec
950 2591 1072 2671 parodo,
1100 2611 1188 2672 quam

89 2672 183 2732 asimis
207 2672 343 2732 similiora
366 2684 444 2733 sunt.
485 2674 628 2732 Constant
650 2684 750 2732 autem
774 2692 813 2731 ex
837 2673 959 2732 antistro
978 2673 1061 2734 hicis.
1103 2674 1189 2735 Εἰνο-

89 2754 143 2814 todi
167 2764 211 2813 est
236 2755 341 2813 chorus
352 2772 463 2827 eorum,
478 2752 527 2833 qui
541 2753 571 2811 in
584 2751 677 2813 AEsch
697 2754 718 2812 li
733 2752 944 2814 Eumenidibus
958 2695 1059 2816 lunias
1073 2754 1110 2814 ad
1124 2697 1190 2816 loa·

89 2847 169 2895 natas
192 2836 276 2894 sedes
300 2835 462 2907 deducunt,
485 2834 566 2894 etin
591 2775 777 2914 supplicibus
798 2834 928 2916 eJuadem
942 2838 1039 2915 politae
1059 2854 1187 2910 carmen,

89 2917 143 2977 rod
157 2917 304 2976 Danaides
318 2935 386 2974 cum
400 2915 511 2975 ancillis
524 2916 583 2976 suis
597 2917 773 2976 alternantes
787 2927 907 2977 canunt.
1097 2983 1100 2988 .

106 3007 153 3061 14.
166 2998 235 3057 Non
250 2998 344 3056 minus
358 2997 544 3058 memorabile
558 3008 603 3058 est
615 2998 694 3057 aliud
718 2998 853 3059 carminis
873 3018 976 3077 genus,
999 3020 1058 3080 quo
1079 3012 1110 3062 et
1130 3010 1190 3062 tra·
1255 3031 1264 3060 ι

89 3081 123 3140 ici
137 3092 166 3141 et
181 3079 285 3139 comici
299 3089 436 3140 utunturr
457 3080 536 3158 quod
554 3080 596 3139 ita
616 3079 795 3151 factumest,
810 3093 843 3141 nt
857 3101 895 3140 ex
909 3100 968 3141 una
981 3092 1096 3142 tantum
1115 3093 1190 3144 atro·

89 3163 123 3221 lia
137 3172 261 3234 constet,
276 3163 359 3239 cujus
373 3160 553 3240 antistropha
566 3181 625 3219 non
638 3161 747 3231 statim,
767 3161 820 3221 sed
834 3172 899 3240 post
923 3162 1035 3241 aliquot
1058 3174 1192 3225 actorum

89 3263 173 3312 ersus,
189 3256 278 3322 atque
291 3242 438 3301 interdum
451 3253 518 3321 post
532 3241 601 3301 satis
615 3262 749 3321 magnam
773 3242 880 3300 fabulae
902 3255 1015 3322 partem
1038 3255 1194 3324 sequatur.¹
1250 3239 1253 3242 ’

89 3325 244 3405 [ujusmodi
258 3323 384 3405 strophae
398 3342 477 3382 nunc
491 3322 637 3400 longiores
650 3335 727 3395 sunt,
743 3323 819 3381 utin
834 3323 999 3384 Philocteta
1012 3346 1039 3385 v.
1064 3330 1135 3387 391.
1158 3324 1197 3387 et¹

89 3410 133 3471 17.
175 3406 331 3486 AEschylus
345 3417 444 3465 autem
458 3405 488 3463 in
502 3403 723 3477 Eumenidibus,
744 3423 809 3484 quae
830 3404 928 3465 fabula
950 3406 1035 3484 plura
1058 3407 1191 3468 continet

89 3491 152 3567 ujus
165 3489 279 3566 generis
294 3488 438 3566 exemplu,
459 3486 546 3546 etiam
557 3485 659 3565 eudem
673 3485 762 3544 verba
775 3487 871 3545 omnia
894 3487 1020 3561 iteravit,
1044 3487 1123 3568 quod
1140 3488 1190 3549 ille

89 3570 152 3628 :iam
173 3571 203 3627 in
228 3570 351 3628 stasimis
372 3586 589 3648 nonnumquam
614 3580 644 3628 et
668 3567 788 3627 commis
811 3566 893 3641 fecit,
918 3579 950 3629 ut
972 3569 1003 3628 in
1019 3569 1138 3648 Septem
1152 3570 1190 3630 ad

89 3651 193 3724 liebus,
217 3652 247 3709 in
272 3653 505 3729 Agamemnone,
527 3650 558 3707 in
587 3648 782 3729 Supplicibus,
831 3649 920 3710 Nunc
945 3650 1094 3711 breviores
1120 3663 1189 3712 sunt

89 3733 191 3813 rophae
220 3734 292 3802 istae,
323 3732 491 3811 compositae
521 3731 632 3811 plerum
656 3750 692 3790 ue
713 3750 880 3809 exgenere
901 3731 1084 3805 dochmiaco,
1105 3732 1189 3794 utin

89 3815 199 3894 ischyli
214 3816 333 3894 Septem
348 3814 384 3872 ad
400 3814 525 3882 Thebas,
548 3813 621 3872 etin
636 3752 839 3894 lupplicibm.
1058 3823 1059 3827 ’

106 3898 156 3957 15.
170 3895 293 3956 Perraro
307 3895 426 3975 stropha
440 3896 521 3953 chori
541 3895 686 3954 invenitur
705 3893 843 3968 solitaria,
857 3895 995 3975 omnique
1009 3895 1189 3976 antistropha

89 3978 268 4056 arensz.qu0d
282 3997 341 4036 non
354 3977 480 4049 videtur,
489 3976 544 4036 nisi
557 3976 587 4034 in
601 3993 707 4055 magna
719 3976 844 4070 ‹puadam
858 3987 889 4036 et
899 3974 1013 4037 insolita
1025 3977 1189 4038 animorum
1278 3966 1287 4036 ,’

89 4061 261 4118 ammotione
285 4059 441 4119 admissum
456 4078 528 4118 esse.
569 4058 747 4137 Hujusmotlr
761 4057 927 4160 exemplum
950 4072 994 4118 est
1015 4059 1046 4118 in
1067 4058 1188 4119 Trachi-

89 4141 118 4200 lis
132 4162 159 4200 V.
173 4145 243 4202 205.
258 4141 294 4201 de
309 4159 367 4220 quo
381 4140 561 4210 scholiastest
580 4146 608 4200 ‘cl
633 4138 775 4222 μολιὸοίςνον
795 4144 839 4200 orie
852 4165 903 4201 εοτν
917 4142 1049 4214 στάσιμον,
1063 4142 1127 4201 ἀλλ’
1141 4150 1188 4204 ὑπο

89 4231 102 4290 ’ς
128 4221 211 4290 iliaris
232 4229 376 4304 ὂςχοῧντονν.
417 4222 542 4281 Videtur
561 4226 660 4281 autem
674 4232 704 4280 et
717 4222 775 4280 hoc
789 4240 906 4282 carmen
928 4241 946 4280 a
968 4221 1087 4282 diversis
1109 4223 1191 4284 chori

89 4303 190 4363 trtibus
205 4305 280 4376 cani,
305 4316 335 4363 et
349 4304 391 4362 sic
405 4303 493 4363 etiam
507 4313 647 4384 separatae
660 4303 716 4363 illae
730 4304 767 4364 ab
780 4302 967 4384 antistrophis
986 4301 1045 4365 suis
1064 4304 1191 4385 strophae
1257 4342 1260 4349 ,

89 4404 119 4445 >n
134 4404 197 4448 esse
211 4385 336 4455 universi
350 4384 443 4446 chori.
965 4404 968 4409 ·
