2694 4866
173 248 254 363 nin.
274 270 334 335 m.
355 272 449 335 cnr.
469 273 565 335 xxv.
585 272 643 335 nn
666 271 864 338 cunnus
886 268 1073 350 sotusrs
1128 280 1188 339 ns

56 461 118 512 non
130 453 201 504 sunt
213 414 252 503 od
266 442 429 505 canendum
442 442 523 527 faeti,
547 442 638 503 latere
657 442 799 504 lectorem
812 423 896 502 solet.
937 442 1026 504 Unde
1040 463 1184 503 nonnum.

56 525 206 606 quamvis
216 525 356 586 credibile
363 536 424 598 est,
435 536 575 604 quantum
589 543 686 603 operae
698 523 844 605 perditum
858 524 895 584 sit
908 523 938 582 in
947 526 1045 598 rebus,
1057 545 1122 604 quoe
1135 527 1187 585 tri·

57 609 114 668 bns
127 606 223 667 verbis
235 605 383 687 proffigari
396 617 542 686 poterant,
556 606 675 666 detecto
684 626 737 686 per
746 605 940 685 antistropha's
950 606 1128 680 velmendo,
1139 609 1186 667 vel
1284 632 1287 659 ε

56 689 242 769 glossemate,
256 688 303 750 vel
316 688 408 751 hiatu.
449 689 558 749 Latent
567 700 664 748 autem
675 687 744 748 talia
752 689 793 747 ibi
803 689 940 760 maxime,
956 688 1006 747 uhi
1019 690 1056 753 ad
1069 708 1187 750 sensum

56 771 213 831 verborum
226 770 299 829 nihil
312 781 363 830 aut
382 770 514 830 vitiatum
535 789 608 843 esse,
629 781 681 831 aut
694 770 851 843 abundare,
866 781 917 830 aut
931 770 1089 830 desiderari
1102 770 1184 830 vide-

59 861 118 912 tur.
159 854 207 913 lta
219 853 377 932 permirum
389 853 476 924 foret,
487 852 559 911 niin
569 863 702 929 extremo
712 862 869 931 systemate
879 852 1053 931 anapaestico
1065 852 1185 912 Prome·

58 934 121 994 thei
134 934 349 994 hemistichium
373 933 538 994 excidisset.
587 936 663 994 Haec
686 933 764 994 enim
777 934 892 994 illomm
906 944 1096 1013 systematum
1110 933 1186 994 ratio

59 1015 266 1079 essevideturr
332 1074 334 1081 s
619 1034 621 1037 ·

140 1160 197 1210 l'lP.
236 1151 300 1210 ‘ER
340 1161 400 1209 XO.
439 1149 503 1210 ‘ER
544 1159 603 1210 ΠΡ.

114 1270 117 1276 Α
160 1231 196 1291 ι’.
247 1231 284 1302 β’.
342 1257 401 1311 μισ.
460 1230 499 1301 β’.
552 1229 588 1290 α’.

40 1439 41 1444 ¹
102 1367 151 1425 19.
172 1363 330 1435 Caeterum,
354 1362 434 1443 quod
457 1382 544 1442 supra
568 1362 653 1443 attigi
676 1361 885 1442 antistrophica
905 1381 973 1424 cum
994 1361 1082 1422 certis
1094 1361 1188 1424 videri
1228 1374 1231 1379 ’

61 1442 146 1504 chori
158 1464 405 1524 personarumque
418 1444 590 1506 stationibus
604 1444 771 1505 consociata
781 1445 882 1517 fuisse,
892 1444 922 1503 id
938 1463 998 1503 non
1009 1443 1103 1503 minus
1116 1463 1190 1524 qua·
1276 1440 1280 1460 '

61 1524 146 1586 drare
154 1527 184 1585 in
192 1527 551 1607 paromoeostrophaputo,
562 1526 615 1586 sed
627 1526 678 1600 ita,
688 1537 721 1586 ut
730 1525 761 1585 in
770 1527 826 1599 his,
837 1526 1082 1606 quemadmodum
1095 1536 1194 1597 metra¹
1286 1523 1293 1531 ’

61 1609 281 1688 responsionum
291 1609 397 1688 equali
406 1609 622 1688 comparatione
631 1607 783 1681 excidunt,
793 1608 871 1667 idem
880 1609 992 1668 factum
1007 1607 1190 1669 existimetur
1281 1623 1285 1627 ·

62 1687 94 1747 in
117 1709 305 1768 personarum
330 1686 597 1751 discursationibus.
649 1691 697 1750 Ao
720 1700 829 1768 potest,
849 1701 883 1749 ut
903 1691 1017 1768 opinor,
1031 1690 1137 1769 sapius
1150 1709 1190 1750 ex

62 1772 248 1851 stropharum
260 1771 534 1842 consociationibus,
541 1775 679 1850 justaque
686 1769 873 1831 distinctione
882 1789 1072 1849 personarum
1083 1771 1191 1850 colligi,

63 1853 182 1932 quando
196 1850 302 1914 ch'orus
315 1858 385 1915 urat
408 1852 490 1933 ζυγά,
515 1863 546 1913 ct
570 1851 687 1931 quando
709 1857 779 1914 mat
793 1854 910 1931 oraim,
924 1851 1079 1930 dispositus
1093 1851 1191 1922 fuerit,
1204 1890 1209 1899 -

64 1953 183 2014 quoque
197 1935 299 1995 ordine
312 1935 419 2014 singuli
432 1934 573 1995 cecinisse
592 1933 754 1993 videantur.
796 1934 845 1992 De
858 1953 916 2013 qua
931 1953 963 1993 re
977 1933 1039 1993 dixi
1052 1932 1194 1994 nonnulla

62 2013 94 2074 in
107 2016 324 2095 praefationihus
337 2016 376 2077 ad
389 2015 536 2096 Euripidis
549 2015 711 2076 Herculem
723 2014 868 2076 furentem
883 2027 913 2075 et
929 2014 1092 2094 Supplices.
1133 2013 1195 2075 Sed

65 2097 143 2159 hano
156 2098 355 2178 quaestionem,
370 2099 507 2178 quoniam
521 2117 580 2158 non
594 2110 639 2159 est
651 2097 814 2158 necessario
829 2116 897 2157 cum
910 2096 1010 2157 me'tris
1024 2099 1195 2176 conjuncta,

65 2181 103 2240 ab
116 2180 175 2239 hoc
187 2181 254 2240 loco
266 2179 482 2241 excludendam
491 2179 630 2258 judicavi.
1296 2234 1298 2239 ,

106 2265 155 2322 20.
176 2262 324 2321 Deberem
336 2262 381 2321 his
395 2261 503 2322 addere
513 2261 622 2341 aliquid
636 2260 673 2320 de
687 2280 741 2321 usu
751 2259 1025 2339 antistrophicorum
1039 2259 1117 2337 apud
1132 2260 1194 2320 Ro·

66 2361 218 2403 rnanorum
231 2346 335 2423 po'e'tas
348 2344 499 2405 scenicos:
530 2363 569 2402 ex
593 2342 697 2422 quibus
721 2341 864 2402 Plautum·
879 2339 1095 2420 antistrophiois
1109 2360 1194 2401 usum
1257 2397 1258 2400 ,

66 2437 141 2497 esse,
155 2425 259 2504 saepius
272 2425 303 2484 in
316 2425 391 2486 libro
398 2422 528 2485 secundo
541 2424 701 2485 indicatum
714 2434 767 2483 est.
810 2422 870 2483 Sed
883 2422 1029 2482 monuisse
1042 2421 1081 2482 de
1093 2423 1150 2483 hac
1162 2443 1197 2484 re
1272 2460 1275 2465 ·

65 2507 136 2566 satis
156 2518 209 2566 est.
252 2507 358 2587 Neque
378 2507 456 2568 enim
476 2518 544 2567 ante
558 2507 595 2566 de
609 2505 721 2572 ratione
734 2505 784 2566 ills
796 2505 909 2585 plenius
923 2503 1063 2584 explicari
1077 2504 1207 2584 poterit,

67 2606 156 2666 quam
171 2607 260 2667 quum
275 2588 421 2669 congestis
434 2588 563 2668 undique
587 2587 698 2647 idoneis
721 2586 871 2667 presidiis,
892 2604 1108 2666 praegressaque
1132 2585 1197 2646 diu-

67 2679 156 2729 turna
168 2670 426 2749 spinosissimarum
440 2670 632 2750 questionum
647 2669 862 2751 explanatione,
876 2668 955 2749 quod
970 2679 1125 2749 utrumque
1138 2668 1195 2728 im·

51 2749 264 2894 'lnenffieril
272 2764 328 2827 est,
337 2751 451 2827 melior,
461 2771 548 2833 quam
557 2752 596 2812 ad
608 2751 688 2811 hunc
703 2770 793 2832 nsque
807 2751 885 2812 diem
898 2749 1009 2811 factum
1023 2760 1079 2823 est,
1090 2750 1203 2811 Plauto.
1272 2817 1289 2845 Ι

80 2851 122 2892 ux
209 2844 289 2901 sent,
