2694 4866
378 311 438 375 DE
459 310 602 376 VERSU
623 310 856 376 SATURNIO.
1127 316 1186 379 397

56 497 78 528 ⁴⁴
92 483 249 546 iambicum
263 493 317 543 est.
332 500 399 541 nam
413 481 494 562 quod
507 480 638 562 sequitur
656 481 839 543 trochaicum
858 480 1016 545 dimetnm
1028 481 1189 564 brachyca-

55 579 78 609 “
92 568 234 628 talectum
247 563 480 644 ithyphallicum,
494 564 553 623 tale
567 574 623 636 est,

90 674 93 679 Δ
131 703 253 756 “aureas
265 698 382 772 lepistss.

56 832 80 864 ‘⁶
94 819 252 882 novissima
265 819 376 898 syllaba
389 818 565 879 indifferens.
607 819 701 880 Totus
714 837 814 880 versus
827 819 878 890 sic,

131 939 149 967 “
159 937 249 994 serunt
265 937 372 1009 pulcros
384 946 524 1003 creterras,
535 952 628 992 aureas
640 936 758 1009 lepistas,

51 1048 79 1085 u
94 1051 137 1115 et,
256 1118 263 1132 ⁸

129 1158 148 1187 “
159 1156 257 1212 mdum
269 1156 370 1212 dobunt
381 1156 487 1213 Metelli
499 1157 594 1213 Naevio
606 1159 703 1229 poitae,

55 1272 76 1303 at
92 1271 135 1336 et,

131 1379 149 1407 “
160 1377 321 1449 trahuntque
333 1377 417 1434 siccas
429 1378 527 1434 multas
538 1377 667 1434 machinae
679 1376 808 1435 carinas.'’
1030 1399 1041 1438 ι
1144 1376 1146 1380 ⁴

59 1497 173 1560 Atilius
187 1497 412 1557 Fortunatianus
425 1519 454 1577 p.
467 1501 558 1563 2679.
600 1507 620 1537 “
636 1499 685 1558 De
708 1498 845 1560 Saturnio
865 1516 951 1560 versu
963 1497 1120 1560 dicendum
1133 1488 1203 1571 est,'

61 1590 83 1621 “
98 1599 187 1659 quem
207 1580 297 1639 nostri
317 1580 557 1640 existimaverunt
576 1581 726 1660 proprium
750 1599 814 1640 esse
838 1581 950 1640 Italics
971 1582 1116 1660 regioniaz
1138 1581 1192 1640 sed

60 1673 84 1703 ⁴‘
98 1661 247 1721 falluntur.
261 1679 279 1719 a
293 1661 406 1721 Graecis
420 1663 497 1721 enim
514 1662 592 1722 varie
613 1673 644 1721 et
663 1661 762 1720 multis
782 1663 875 1722 modis
895 1674 1037 1732 tractatus
1057 1674 1111 1737 est,
1131 1681 1194 1722 non

62 1754 85 1784 ‘⁸
99 1742 194 1802 solum
215 1762 233 1801 a
254 1742 384 1811 comicis,
409 1743 461 1802 sed
483 1743 570 1802 etiam
592 1764 611 1803 a
632 1742 770 1821 tragicis:
791 1742 883 1803 nostri
901 1754 999 1805 autem
1019 1744 1141 1823 antiqui,
1156 1753 1191 1802 ιιι

61 1834 85 1865 “
99 1843 169 1884 vere
183 1823 287 1897 dicem,
303 1825 381 1903 quod
395 1835 525 1904 apparet,
541 1824 585 1882 usi
598 1835 667 1884 sunt
680 1842 717 1883 eo
730 1843 790 1883 non
804 1825 957 1885 observato
970 1824 1047 1902 lege,
1061 1842 1118 1884 nec
1131 1842 1191 1882 uno

61 1917 83 1947 ‘¹
98 1924 208 1984 genere
221 1906 368 1964 custodito
383 1905 459 1964 inter
472 1925 503 1964 se
517 1925 633 1965 versus:
654 1905 705 1965 s'ed
719 1916 913 1985 praeterquam
932 1907 1011 1985 quod
1023 1904 1192 1965 durissimos

62 1998 85 2028 “
99 1987 244 2057 fecerunt,
258 1987 345 2046 etiam
360 1988 431 2046 alios
445 1988 602 2060 breviores,
616 1985 688 2047 alios
708 1987 854 2064 longiores
867 1987 1061 2061 inseruerunt,
1086 1997 1119 2045 ut
1141 1985 1192 2045 vix

59 2079 85 2111 ι·
99 2068 258 2128 invenerim
269 2067 347 2146 apud
358 2068 499 2140 Naevium,
515 2088 589 2148 quos
601 2088 655 2148 pro
669 2069 807 2148 exemplo
816 2088 965 2150 ponerem.
1006 2067 1097 2151 Apud
1106 2067 1192 2127 Euri·

62 2160 84 2192 “
98 2148 198 2230 pidem
217 2160 248 2208 et
263 2149 474 2226 Callimachum
487 2150 585 2210 inveni
599 2149 657 2209 tale
670 2169 774 2228 genus,

134 2283 153 2312 “
165 2281 250 2338 turdis
262 2281 387 2339 edacibus
399 2283 476 2339 dolos
487 2300 634 2356 comparas,
647 2282 732 2338 amice
739 2301 748 2346 ς

63 2394 87 2428 “
100 2385 181 2466 apud
194 2384 405 2446 Archilochum
420 2386 489 2460 tale,

134 2505 153 2533 “
163 2521 241 2576 quem
253 2521 309 2559 non
320 2504 431 2559 rationis
442 2513 565 2576 egentem
575 2503 639 2560 vicit
650 2502 841 2571 Archimedes;

64 2619 86 2651 ‘¹
101 2620 133 2670 et
146 2610 265 2668 tertium
278 2628 383 2687 genus,

136 2726 155 2755 “
166 2724 290 2780 consulto
301 2724 426 2797 producit
437 2740 508 2790 eum,
519 2740 573 2795 quo
585 2722 620 2779 sit
631 2722 820 2796 impudentior.

64 2840 89 2890 is
102 2845 182 2928 apud
195 2858 309 2907 nostros
322 2857 422 2907 autem
435 2845 465 2903 in
478 2818 584 2904 tabulis
598 2844 733 2925 antiquit,
749 2863 821 2925 quas
835 2842 1040 2925 triumphaturi
1054 2845 1144 2906 duces
1163 2845 1194 2907 in

66 2939 89 2973 ‘⁸
105 2928 251 3009 Capitolio
265 2928 403 3007 figebant,
419 2927 608 3006 victoriaeque
617 2946 681 2987 -suae
695 2927 814 2986 titulum
830 2926 972 2988 Saturniis
985 2927 1114 2989 versibus
1127 2946 1194 3011 pro-

65 3021 88 3053 “
102 3011 312 3089 sequebantur,
326 3009 396 3068 talia
410 3008 525 3088 repperi
539 3008 693 3088 exempla:
714 3028 754 3068 ex
769 3009 877 3089 Regilli
891 3007 999 3084 tabula,

136 3128 155 3157 “
167 3126 258 3182 duello
269 3143 365 3197 magno
377 3124 535 3193 dirimendo,
548 3125 651 3195 regibus
662 3125 823 3195 subigendis.

64 3241 87 3275 ‘⁶
103 3230 155 3313 qui
170 3242 216 3291 est
228 3229 381 3290 subsimilis
396 3229 435 3302 ei,
449 3247 536 3308 quem
550 3227 648 3307 paullo
662 3239 731 3287 ante
744 3228 838 3307 posui,

137 3349 156 3376 “
169 3347 292 3403 consulto
304 3346 427 3418 producit
437 3362 507 3411 eum,
518 3363 572 3416 quo
583 3343 619 3400 sit
629 3343 818 3414 impudentior.

66 3462 89 3494 ec
104 3450 135 3510 in
151 3450 240 3511 Aonii
255 3427 421 3513 Glabrionis
434 3448 544 3520 usura,
838 3440 842 3447 ·

139 3569 158 3597 ‘⁸
170 3566 267 3633 fundit,
277 3566 359 3638 sugat,
369 3566 514 3637 prosternit
527 3564 654 3622 maximas
667 3565 792 3636 legiones.

67 3681 90 3715 ‘⁴
104 3670 184 3752 apud
196 3673 314 3750 po'e'tam
336 3670 470 3729 Naevium
483 3670 537 3728 hos
550 3669 666 3748 repperi
679 3668 813 3757 idoneost

140 3791 160 3871 ἢ
170 3789 260 3845 larunt
270 3789 376 3862 pulcras
388 3798 525 3855 creterras,
535 3804 628 3843 aureas
638 3786 756 3858 lepistaa,

70 3899 90 3938 ‘³
105 3906 137 3957 et
151 3894 208 3955 alio
222 3877 300 3968 loco,

52 4080 56 4088 Ι
140 4013 159 4043 “
171 4028 267 4066 novem
279 4013 355 4069 Jovis
365 4010 511 4066 concordes
522 4009 584 4064 filiae
597 4026 710 4066 sorores.

72 4125 95 4156 ι*
109 4112 163 4174 sed
176 4133 214 4174 ex
229 4115 364 4174 omnibus
377 4115 449 4189 istis,
463 4114 594 4192 quisunt
608 4111 758 4192 asperrimi
771 4121 804 4174 et
824 4109 863 4172 ed
881 4108 1138 4170 demonstrandum
1151 4109 1205 4168 mi-

72 4195 189 4267 “nime
210 4196 433 4266 accommodati,
457 4195 583 4276 optimus
607 4206 661 4266 est,
684 4213 772 4274 quem
799 4191 915 4258 Metelli
934 4202 1149 4271 proposuerunt
1168 4191 1206 4265 de
1314 4242 1318 4248 .

72 4287 96 4361 .“
110 4276 226 4353 Naevio,
240 4277 403 4358 aliquoties,
417 4280 453 4339 ab
468 4297 504 4339 eo
517 4296 603 4338 versu
615 4276 760 4339 lacessiti:
