2694 4866
359 243 418 305 DE
433 241 639 309 VERSIBUS
655 240 906 306 GLYCONEIS.
1126 258 1183 317 351

89 413 326 495 adstrophicum,
427 450 430 455 -

141 549 213 620 cll,
228 546 250 608 d
261 547 349 620 viator,
363 543 414 606 vll'
428 543 554 618 inritando,
606 598 614 612 ,

89 680 228 750 riclinius,
243 685 281 761 egl
295 678 331 751 lt,
344 679 432 749 τέκνω,
447 679 584 747 scribens,
600 698 638 737 ex
653 688 735 757 parte
749 688 862 737 tanturn
876 676 990 739 videtur
1004 682 1182 745 emendasse.

89 766 139 822 'am
149 763 221 821 ¹satis
235 760 295 820 era‘t
310 757 333 817 d
347 760 447 831 deleri,
462 778 519 837 quo
533 760 612 818 facto
626 759 673 816 hic
688 758 786 819 versus
801 760 970 838 Glyconeus
984 763 1049 833 erit,
1064 764 1182 843 dactylo

89 894 91 903 .
105 845 168 904 basi
182 844 359 902 tribrachum
374 841 537 918 oppositum
551 839 670 900 habens.
712 841 810 899 Nolim
826 852 923 901 tamen
936 842 1009 913 haec,
1030 844 1084 902 nisi
1095 845 1183 905 libro·

89 947 124 985 un
139 924 296 984 auctoritas
310 923 439 987 accedat,
455 940 508 999 pro
523 921 608 979 certis
619 921 772 980 numerari.

101 1013 150 1066 18.
166 1006 326 1066 Molossum
340 1023 393 1082 pro
408 1002 575 1061 choriambo
590 1003 707 1061 omnino
721 1003 863 1062 rarissime
877 1003 1032 1064 admissum
1044 1007 1180 1083 reperias,
1212 1064 1216 1073 ,

89 1089 198 1159 anime,
213 1106 301 1166 quum
316 1084 499 1143 choriambus
512 1084 608 1141 statim
622 1095 688 1162 post
700 1084 792 1156 basin,
807 1084 852 1142 vel
867 1084 1004 1144 initialem
1018 1087 1180 1165 amphibra·
1260 1136 1261 1141 ,

88 1189 149 1228 rum
164 1181 218 1227 est.
260 1168 364 1244 Neque
377 1168 439 1244 ejus
454 1165 619 1242 exemplum
634 1165 663 1222 in
684 1177 820 1243 promptu
841 1165 945 1237 habeo,
969 1167 1045 1245 quod
1067 1182 1182 1228 certum

89 1271 122 1309 se
137 1249 242 1308 dicam.
278 1248 313 1305 In
327 1247 521 1305 Pherecrateo
536 1245 663 1322 quidem,
678 1246 767 1322 etqui
782 1245 850 1304 huic
864 1247 968 1304 similes
979 1261 1046 1306 sunt
1056 1251 1181 1308 catalec-

89 1332 122 1402 εἰ,
137 1330 251 1390 facilius
265 1328 381 1388 credam
395 1325 586 1386 contractioni
600 1327 696 1399 locum
711 1346 783 1396 ease,
799 1327 867 1404 quia
880 1328 908 1385 in
922 1328 966 1386 his
981 1330 1109 1403 ¹uersibus
1123 1350 1182 1389 non

89 1430 167 1492 agna
180 1411 248 1470 inde
263 1408 434 1488 ambiguitas
448 1407 585 1466 nascitur.
612 1402 676 1468 ¹Sic
698 1407 728 1466 in
753 1408 802 1467 illo
825 1408 987 1486 Sophoclis,
1009 1409 1086 1488 quod
1107 1411 1181 1473 infra

90 1514 150 1574 gur.
166 1497 216 1552 28.
229 1493 333 1551 iterum
348 1488 633 1561 commemorabitur,

138 1624 241 1706 πέψις,
255 1625 286 1689 ὦς
300 1631 398 1705 ταῦρος.

89 1759 118 1816 ed
131 1756 162 1814 in
183 1755 353 1835 Glycoueis,
374 1753 562 1832 omnibusque
586 1753 620 1812 iis
643 1755 783 1827 versibus,
804 1755 833 1813 in
858 1755 963 1834 quibus
986 1757 1078 1816 variat
1096 1758 1181 1817 sedes

89 1837 227 1907 soriambi,
254 1837 357 1896 idonea
380 1836 494 1894 videtur
515 1835 587 1894 ratio
600 1834 698 1906 fuisse,
721 1855 810 1914 quare
834 1836 1019 1902 devitandum
1043 1848 1179 1915 putarent

89 1921 231 1982 lolossurn.
273 1919 397 1977 Tantam
412 1917 488 1975 enim
502 1916 550 1975 hic
564 1936 615 1995 pes
625 1916 848 1996 ambiguitatem
862 1919 991 1978 versibus
1012 1919 1067 1977 illis
1087 1918 1179 1991 addit,

89 2001 190 2082 ,citius
212 1999 274 2078 quis
295 1999 425 2058 laborare
448 2009 583 2070 metrum,
607 2016 694 2077 quam
717 1997 863 2076 quomodo
887 1999 1110 2079 concipiendum
1131 2001 1178 2073 sit,

89 2081 164 2143 deut.
206 2080 282 2139 Nam
296 2079 325 2138 in
340 2081 395 2139 hac
408 2079 511 2152 forma,
1024 2095 1026 2100 ·
1187 2098 1189 2103 ·

135 2249 163 2312 .'·
178 2248 204 2309 .‘·
219 2250 225 2332 Ι
239 2248 478 2330 Lau-..lul-

89 2381 204 2442 [olossus
217 2381 302 2440 facile
316 2381 440 2459 aliquem
454 2378 592 2452 adducet,
607 2390 641 2439 ut
654 2379 694 2440 ita
708 2396 823 2440 versum
835 2378 982 2454 metiatur,

136 2496 464 2597 ‚ntrsssrsscss

100 2664 162 2713 turn
177 2653 308 2712 laborare
318 2653 403 2713 finem
419 2650 536 2722 videbit,
563 2651 691 2723 Cretico,
714 2671 774 2711 non
796 2623 964 2713 choriambo
985 2642 1178 2717 constantem.

89 2754 109 2794 n
121 2736 177 2794 hac
192 2735 222 2793 in
235 2736 328 2794 forma
349 2735 496 2793 Molossus
510 2732 575 2806 erit,
956 2780 970 2811 ,

252 2868 260 2892 Ι
365 2867 373 2891 Ι

134 2868 487 2951 ....ι-.ι-..-

89 3017 153 3060 ursus
165 3000 289 3060 haerebit
302 3000 405 3071 lector,
420 2999 554 3058 dubitans
569 3007 666 3056 utrum
681 2997 827 3058 Molossus
848 2997 902 3057 iste
916 2997 1076 3058 choriambi
1096 3018 1176 3058 men·

89 3101 152 3147 uam
166 3081 283 3154 habeat,
296 3100 333 3141 an
346 3081 505 3160 penultima
518 3080 628 3159 syllaba
640 3099 699 3138 non
713 3098 766 3157 pro
777 3079 888 3138 duabus
902 3080 1047 3151 brevibus,
1060 3079 1113 3139 sed
1123 3099 1177 3159 pro

89 3182 113 3223 ra
126 3162 208 3221 brevi
222 3162 268 3234 sit,
294 3156 373 3242 quod
396 3181 472 3241 saepe
496 3161 538 3230 fit,
561 3181 652 3240 quum
675 3161 771 3218 iambo
785 3161 884 3217 finitur
906 3161 1097 3238 Glyconeus:
1117 3180 1175 3239 quo
1265 3229 1267 3233 ¹

89 3256 135 3305 eto
162 3263 275 3302 rursum
300 3245 329 3303 in
352 3243 448 3302 medio
472 3243 572 3300 vitium
592 3262 654 3301 esse
676 3240 828 3307 videbitur,
857 3240 974 3299 Cretico
996 3242 1100 3319 posito,
1126 3243 1176 3300 ubi

89 3326 239 3387 roriambus
253 3345 316 3385 esse
336 3325 471 3384 debebat.
513 3325 633 3383 Prorsus
654 3322 779 3400 denique
800 3323 912 3380 incerta
931 3340 978 3379 res
998 3321 1061 3389 erit,
1085 3341 1176 3399 quum

89 3409 202 3470 olossus
216 3419 246 3465 et
259 3406 404 3485 spondeus
418 3405 566 3485 conjuncti
579 3404 696 3463 fuerint.
739 3402 843 3482 Neque
865 3400 944 3460 euim
964 3412 1056 3480 patet,
1078 3413 1174 3460 utrum

89 3491 153 3551 esic
167 3487 331 3567 metiendus
344 3489 402 3559 sit,

89 4120 227 4198 denique
240 4138 279 4178 ex
292 4118 344 4178 illo
356 4137 464 4196 genere
477 4118 524 4194 sit,
539 4116 618 4196 quod
631 4081 707 4176 hanc
721 4115 843 4176 formam
856 4112 955 4186 habet,

134 4250 465 4336 ''¹¹''¹¹⁴“¹

123 4295 482 4319 osseum-u·-
