2694 4866
348 274 405 335 Dll
428 274 634 339 VERSIBUS
656 275 923 341 DACTYLICIS.
1139 280 1195 344 201

89 463 97 500 ι
111 442 175 503 aliis
188 443 355 524 generibus,
375 455 406 504 et
419 445 449 503 in
462 446 525 524 ipso
540 445 686 526 dactylico
699 447 729 506 iu
750 446 793 518 iis,
815 448 865 526 qui
885 450 1024 528 anapesti
1043 460 1197 524 vocamur,

89 545 193 583 uorum
206 526 314 604 pedum
336 529 571 606 conjugationem
595 538 722 587 metrum
743 529 904 590 nominent.
949 531 1035 592 Unde
1059 530 1199 611 dactylici
1224 576 1227 583 .

89 606 192 676 imetri,
214 609 389 678 tetrametri,
405 608 601 669 hexametria
613 610 733 691 pedum,
754 629 846 670 nona
865 611 1048 690 dipodiarum
1074 631 1197 672 numero
1268 655 1272 664 .

88 706 176 747 omen
192 689 312 749 habent.
1067 763 1072 772 ‚

107 773 137 829 2.
159 771 308 830 Mensurae
321 770 475 831 varietates
488 772 518 829 in
532 772 589 831 hoc
602 790 711 852 genere
724 790 786 833 non
800 771 864 832 aliae
877 771 991 834 usitatae
1010 785 1089 849 sunt,
1110 794 1199 855 quam

89 851 201 929 actylus
226 863 256 911 et
279 852 435 932 spondens.
475 853 542 912 Nec
565 863 663 913 tamen
684 853 818 913 omnibus
839 854 869 912 in
882 854 982 914 formis
994 856 1118 934 spondei
1130 876 1198 936 pro·

89 943 181 990 untur.
222 934 258 991 In
272 934 372 1013 primis
385 944 482 993 autem
497 933 556 994 hoc
569 935 729 994 tenendum
743 946 798 1007 ent,
819 935 996 996 acatalectos
1016 937 1046 994 iu
1070 935 1128 997 fine
1146 937 1198 1001 ad·

89 1013 197 1072 sernari
210 1015 381 1094 spondeum.
403 1014 549 1082 Quoniam
562 1015 639 1075 enim
653 1016 761 1096 triplex
775 1026 820 1088 est
833 1017 1045 1097 dactylicomm
1056 1017 1196 1090 clausula,

89 1094 169 1165 rima,
190 1115 280 1174 quum
294 1097 412 1176 dactylo
425 1096 573 1165 finiuntur,
596 1099 646 1177 qui
664 1108 732 1158 sunt
752 1098 923 1167 acatalecti;
942 1099 1081 1183 secunda,
1106 1119 1198 1179 quum
1274 1101 1277 1107 ’

89 1177 205 1248 uchaeo,
228 1180 277 1257 qui
289 1180 429 1239 vocantur
449 1178 613 1238 catalectici
636 1179 666 1237 in
687 1179 878 1259 disyllabum:
898 1181 994 1252 tertia,
1018 1201 1108 1260 quum
1129 1181 1199 1240 sim·

89 1255 216 1332 liciensi,
238 1260 288 1338 qui
312 1259 474 1321 catalectici
487 1259 517 1317 in
531 1260 671 1340 syllabam
694 1261 845 1321 dicuntur:
865 1273 999 1341 mertum
1011 1273 1077 1334 est,
1108 1281 1195 1341 spon-

89 1356 123 1398 eo
145 1339 176 1398 in
197 1340 255 1399 fine
275 1341 369 1420 posito
390 1341 566 1402 acatalectos
580 1361 598 1401 a
611 1342 789 1402 catalectiois
803 1342 831 1400 in
847 1342 1029 1422 disyllabum,
1051 1344 1131 1423 quod
1144 1344 1197 1403 ho-

89 1437 129 1477 rm
154 1421 256 1481 ultima
269 1442 376 1503 anceps
397 1435 452 1496 est,
477 1423 615 1502 distingui
635 1443 696 1483 non
715 1443 817 1503 posse;
838 1444 897 1502 quo
916 1424 1097 1496 factumest,
1120 1436 1152 1484 ut
1166 1446 1198 1486 a·

89 1502 225 1564 atalectos
245 1524 318 1582 puro
342 1504 470 1584 dactylo,
492 1504 552 1563 sive
574 1506 661 1564 etiam
686 1516 805 1585 propter
824 1505 983 1586 ancipitem
1005 1507 1123 1567 Cretico
1138 1519 1198 1567 ter-

89 1582 168 1643 rinari
190 1586 341 1665 placuerit.
392 1587 427 1644 ln
451 1586 615 1665 systematis
637 1598 734 1646 tamen
755 1587 843 1647 etiam
870 1589 1026 1648 acatalecti
1053 1589 1084 1646 in
1109 1608 1197 1668 spon-

89 1684 154 1724 eum
168 1668 250 1727 exire
263 1678 394 1747 possunt,
416 1667 483 1747 quia
497 1667 537 1726 ibi
560 1687 621 1726 non
641 1667 746 1728 dubius
760 1680 805 1728 eat
824 1687 973 1733 numerus,
1015 1669 1066 1728 Ad
1089 1689 1195 1750 proce-

89 1749 268 1808 eusmaticum
282 1749 362 1828 quod
382 1752 497 1818 attinet,
518 1767 653 1828 perrarus
670 1749 720 1809 hic
739 1769 791 1829 pes
811 1761 867 1814 est.
908 1750 1115 1811 Defenderunt
1129 1771 1198 1811 eum

89 1827 213 1889 eidlerus
224 1831 254 1889 in
277 1830 399 1910 epistola
418 1832 456 1890 ad
470 1830 663 1903 Lobcckium,
685 1831 772 1908 Ajaci
785 1831 872 1909 hujus
886 1831 1010 1912 adjecta,
1031 1853 1064 1913 p.
1076 1837 1149 1898 437.
1165 1846 1198 1895 et
1249 1885 1252 1890 ,
1284 1899 1298 1914 ,

89 1927 98 1963 1
120 1909 193 1970 libro
218 1915 255 1972 de
278 1932 367 1976 veras.
392 1910 510 1975 dochm.
534 1932 564 1990 p.
587 1917 638 1972 44.
659 1931 742 1992 seqq.
757 1922 787 1971 et
802 1911 969 1990 Erfurdtius
983 1912 1131 1973 inminuti
1145 1916 1195 1976 ed.

89 1991 220 2068 lophoclis
234 1993 272 2053 ad
292 1994 395 2073 Antig.
410 1998 482 2060 792.
523 1993 594 2057 OEd.
612 1994 649 2051 R·
663 1998 751 2054 1189.
792 1993 935 2075 Pleraque
949 2005 1058 2068 tamen,
1079 2014 1145 2074 quoe
1157 1995 1196 2055 ab

89 2068 110 2128 is
123 2073 209 2134 allata
222 2087 290 2135 sunt
303 2075 446 2155 exempla,
468 2084 592 2134 autnon
606 2085 673 2134 sunt
688 2093 727 2133 ex
747 2074 877 2134 versibus
901 2075 1018 2155 proprie
1040 2075 1196 2155 dactylicis
1268 2080 1271 2084 ’

89 2154 167 2228 etita,
193 2158 276 2239 (nam
297 2158 469 2236 spectabant
490 2155 531 2212 illi
545 2155 677 2215 universe
691 2174 784 2235 genus
798 2155 993 2237 dactylicum)
1010 2150 1062 2215 aut
1075 2175 1113 2215 ne
1126 2168 1196 2216 sunt

89 2235 183 2309 [uidem
196 2239 314 2297 omnino
328 2239 484 2317 dactylica.
516 2240 563 2296 Ac
577 2236 614 2295 de
628 2236 839 2308 choriambicis,
861 2235 899 2296 dc
912 2235 1021 2297 Ionicis
1034 2256 1053 2296 a
1075 2237 1192 2312 minori,

89 2314 109 2371 le
128 2318 286 2397 Glyconeis
307 2340 366 2379 non
389 2331 433 2380 est
455 2318 534 2399 quod
558 2317 733 2379 dubitemus.
772 2319 809 2376 In
831 2318 899 2396 ipsis
924 2329 1022 2378 autem
1042 2318 1195 2397 dactylicis

89 2396 151 2458 alde
164 2416 228 2459 rara
241 2413 286 2461 est
300 2421 396 2462 arseos
410 2400 526 2467 solutio,
548 2410 579 2458 et
600 2399 661 2458 fere
676 2410 789 2458 tanturn
803 2399 833 2457 in
844 2400 961 2463 nomine
974 2399 1092 2480 proprio
1112 2401 1193 2460 inve-
1208 2443 1210 2447 ι
1295 2399 1296 2403 ’

89 2476 153 2538 itur.
193 2482 240 2542 Ita
254 2482 396 2543 Pindarus
410 2501 474 2544 eam
488 2480 614 2556 admisit,
635 2478 672 2540 dc
686 2479 824 2561 quotide
838 2480 1022 2541 Boeckhium
1035 2501 1064 2562 p.
1079 2485 1148 2548 126.
1160 2492 1195 2541 ut

89 2555 168 2622 sthur.
182 2563 234 2626 IV.
251 2567 298 2628 75.
313 2567 386 2648 (111.
400 2563 465 2646 63.)

146 2679 204 2762 igni
215 2680 364 2742 Tritonida.

89 2788 118 2850 lta
130 2795 262 2855 excusari
272 2795 379 2876 poterit
393 2795 481 2857 etiam
493 2791 648 2874 Euripides
661 2792 693 2852 io
707 2792 814 2854 Troad
829 2798 897 2857 821.
910 2797 980 2854 841.
992 2791 1023 2851 in
1033 2811 1118 2853 versu
1126 2810 1195 2853 ana-

89 2875 162 2934 :usin
175 2877 312 2949 habente,

143 2993 301 3072 incitandam
315 2996 386 3075 ἇβςιὶ
406 2995 506 3064 βαίνω.
643 3048 646 3052 .

145 3073 278 3158 Aagdct‘tm
288 3075 411 3157 μίλιὴᾶ
424 3076 481 3136 ποτ’
495 3071 580 3146 Mu·
846 3092 849 3101 '
906 3154 909 3161 Ι
1134 3091 1180 3145 '²'·r

89 3185 201 3247 ttsihuic
215 3188 333 3268 quidem
354 3189 490 3268 exemplo
513 3207 572 3248 non
596 3186 722 3247 multum
744 3184 904 3246 tribuerim.
945 3183 1022 3244 Nam
1045 3195 1076 3243 et
1097 3182 1194 3243 brevis

89 3265 184 3342 yllaba,
206 3289 293 3349 quam
307 3270 491 3350 antistropha
503 3269 534 3328 in
554 3269 612 3329 fine
625 3267 817 3347 praecedentis
835 3284 934 3325 versus
958 3264 1059 3337 habet,
1079 3265 1194 3325 dubita·

89 3345 139 3406 toni
150 3350 278 3411 obnoxia
289 3363 345 3423 est,
365 3363 396 3411 et
409 3352 517 3411 mirum
527 3350 661 3424 videtur,¹
673 3347 764 3430 quod,
785 3367 875 3427 quum
888 3365 925 3406 eo
942 3349 973 3403 in
992 3364 1078 3406 versu
1101 3346 1194 3426 gemi-

89 3439 136 3488 tata
147 3431 183 3492 sit
196 3433 290 3513 prima·
302 3453 371 3504 vox,
393 3453 452 3493 non
465 3433 517 3492 fiat
530 3431 609 3491 idem
622 3431 653 3489 in
667 3428 816 3509 strophico
826 3447 920 3491 versu.
961 3429 1060 3494 Quare
1074 3428 1128 3487 etsi
1142 3446 1194 3485 ne-

89 3507 137 3568 nint
149 3525 251 3574 auctor
264 3514 328 3588 sim,
350 3525 383 3572 ut
396 3525 491 3574 mutet
500 3514 640 3573 librorum
654 3511 836 3591 scripturam,
857 3519 956 3568 tamen
970 3508 1096 3568 dubitari
1108 3527 1193 3588 posse
1287 3560 1290 3574 ,

89 3600 147 3664 llio,
166 3612 203 3653 an
216 3597 315 3675 po'e‘to,
336 3614 426 3673 quum
439 3606 549 3676 posset,
569 3594 657 3655 etiam
671 3590 868 3672 geminatione
881 3590 931 3649 illa
944 3608 1097 3668 exaequare
1115 3591 1192 3665 anti-

89 3673 355 3818 ἓξὲρὲῑὲξζιζζξΐετίῐ,
370 3696 429 3755 quo
438 3677 519 3738 iacto
530 3675 639 3756 primus
646 3693 745 3736 versus
755 3691 794 3733 ex
803 3670 922 3751 dipodia
931 3671 1054 3732 iambica
1063 3682 1096 3785 et
1102 3670 1194 3730 doch-

151 3952 159 3970 ,
184 3874 283 3951 μαίων,
303 3877 391 3950 μάταν
405 3875 447 3959 o’s'f
463 3875 618 3960 ὖχςυσὲαιις

149 3976 167 4011 εν
179 3958 300 4034 sinaxim
313 3956 352 4028 s‘t'fi
368 3984 387 4016 c
399 3960 498 4029 ficitur·

182 4034 248 4118 ἰ’ςυς,
267 4036 335 4120 i'gaq,
355 4050 381 4105 'oc
396 4043 469 4122 ragal
480 4036 612 4121 Acidim
696 4086 699 4092 .

151 4114 265 4201 μ’ῑλαθςαί
278 4121 337 4179 ποτ’
350 4117 428 4189 {abts
450 4161 459 4176 .
479 4162 487 4177 .
509 4163 517 4178 .

99 4209 326 4383 {llilbsgffinzffl
346 4235 524 4314 exemplum,
545 4222 624 4315 quod
639 4256 678 4298 ex
693 4232 908 4299 Andromachae
923 4250 951 4291 v.
964 4232 1036 4291 483.
1050 4231 1121 4291 491.
1140 4225 1192 4286 de·

597 4417 621 4477 C
644 4436 661 4475 c
