2694 4866
451 584 686 724 LIsE‘R
722 585 761 669 Ἰ.

200 833 252 888 nn
271 838 437 890 -uuusno
460 839 509 888 ar
523 837 710 890 massana
733 835 1035 888 1uuu1vansuur.
1078 860 1082 867 -
1152 808 1157 818 '

517 1257 650 1334 <CAR
666 1257 710 1331 Ἰ.

400 1472 461 1522 'DE
486 1470 642 1522 NATURA
667 1470 693 1518 N
696 1469 831 1519 UMERI·

48 1666 77 1734 1·
95 1643 360 1748 NUMERUM,
378 1695 471 1756 ‚quem
491 1676 589 1737 Graeci
610 1676 701 1760 piata
720 1687 837 1747 vocant,
857 1691 1032 1736 onnrunrs
1055 1695 1185 1738 succus-

52 1773 147 1817 sionn
168 1775 352 1818 rnmronou
368 1756 521 1831 contineri,
540 1769 680 1838 *apertum
695 1768 739 1817 est
754 1769 784 1816 et
797 1758 834 1816 ab
848 1755 982 1816 omnibus
1002 1778 1184 1819 concessum.

53 1836 90 1895 Ei
103 1857 193 1917 quum
209 1838 240 1897 in
253 1840 345 1919 spatio
358 1841 532 1920 respondeat
546 1857 755 1910 saumarius,
777 1858 843 1918 qua
857 1857 1050 1900 sessionum
1066 1851 1111 1900 est
1125 1860 1182 1902 on-

56 1935 186 1978 ntum
201 1938 440 1995 cosuruurrss,
460 1922 538 1983 hunc
552 1920 638 1981 simul
652 1920 838 1980 considerare
852 1940 911 1979 non
925 1921 982 1980 erit
995 1921 1108 1982 inutile.

93 2003 124 2061 2.
144 2002 307 2081 Utriusque
327 2002 455 2076 notionis
469 2023 536 2083 quae
547 2013 608 2062 tres
628 2012 726 2082 partes
740 2012 818 2072 sunt,
840 2019 878 2059 ex
892 2001 927 2060 iis
946 2002 1072 2082 primum
1085 2004 1183 2062 locum

56 2077 84 2137 in
102 2101 225 2142 numero
240 2102 422 2156 successio,
444 2085 474 2143 in
489 2083 659 2165 symmetria
679 2099 903 2144 courruurrns
916 2094 1007 2142 tenet.
1051 2089 1184 2153 Quarum

58 2163 198 2224 successio
212 2165 518 2247 numerumsempori,
532 2164 711 2226 continuitas
724 2163 922 2244 symmetriam
936 2163 1031 2243 spatio
1044 2165 1183 2225 vindicat.

94 2249 122 2305 8.
143 2245 282 2307 Secunda
302 2248 419 2328 parsi-in
440 2267 563 2309 numero
584 2263 741 2308 rasarone
765 2245 821 2304 sibi
842 2245 1042 2320 succedentia,
1063 2246 1093 2305 in
1103 2267 1181 2328 sym-

52 2326 155 2386 ·netria
175 2345 299 2390 sescus
317 2329 489 2390 continuata
510 2329 726 2409 complectitur.
767 2327 845 2386 Nam
866 2327 921 2387 etsi
934 2329 964 2386 in
985 2347 1123 2389 sonorum
1138 2330 1184 2388 vel

64 2417 186 2467 motuum
206 2410 440 2471 successionibus
451 2429 618 2483 numerum,
638 2411 669 2468 in
689 2427 846 2489 corporum
863 2421 963 2469 autem
984 2410 1184 2471 continuitati-

63 2482 111 2546 bus
128 2491 327 2568 symmetriam
341 2492 422 2552 cerni
444 2502 568 2564 constat,
591 2503 689 2551 nmen
702 2503 808 2552 natura
820 2509 873 2550 sua
896 2511 993 2570 neque
1013 2512 1101 2552 sonos
1121 2512 1183 2552 mo·

65 2573 136 2628 bine
162 2571 200 2630 ad
221 2591 388 2646 numerum,
415 2573 573 2652 nequead
596 2573 793 2654 symmetriam
819 2590 943 2651 corpora
964 2575 1125 2667 pertinere,
1154 2575 1183 2633 in

56 2661 189 2730 promptu
202 2664 259 2713 est.
299 2654 377 2714 Nam
398 2673 459 2714 non
472 2653 562 2714 modo
574 2653 663 2714 iidem
683 2653 798 2714 numeri
811 2673 895 2732 reque
908 2674 986 2714 sonis
999 2675 1035 2715 ac
1055 2656 1184 2716 motibus

66 2730 177 2809 exprimi
188 2745 323 2813 possunt,
336 2735 390 2796 sed
402 2737 502 2808 etiauu
522 2735 583 2796 sire
595 2747 693 2796 motus
706 2734 767 2795 sive
780 2737 845 2795 soni
858 2735 913 2795 sibi
926 2738 1097 2811 succedant,
1119 2739 1184 2806 nul·

58 2805 117 2869 v1²11!
134 2812 388 2877 animadvertimus
405 2817 645 2889 numerum-nisi
665 2817 846 2913 temporibus
859 2828 928 2896 apte
947 2817 1112 2881 distinctis-z
1125 2840 1183 2880 re-

65 2904 121 2950 rum
132 2903 265 2976 tempora
284 2917 375 2978 quum
387 2899 483 2959 notari
496 2910 645 2980 nequeant
657 2899 713 2959 nisi
726 2920 757 2958 m
771 2899 859 2960 rebus
878 2900 1184 2976 sibi-succedentibus,

66 2988 141 3035 tonos
150 2990 286 3039 motusve
303 2980 435 3040 adhiberi
448 3000 569 3041 necesse
582 2994 636 3055 est,
658 3001 782 3061 quorum
796 2980 826 3038 in
839 2982 1026 3043 successione
1036 3002 1184 3044 :mensuras

66 3059 217 3136 temporum
231 3071 320 3140 atque
333 3062 486 3122 intervalia
499 3063 618 3122 auribus
630 3064 678 3123 vel
691 3062 784 3124 oculis
798 3061 1011 3127 discernantur.
1053 3065 1181 3126 Eodem.

67 3151 114 3212 quc
131 3139 220 3200 modo
241 3161 366 3222 corpora
381 3145 542 3224 non·quod
556 3163 680 3224 corpora
699 3155 777 3216 sunt,
799 3143 993 3226 sedpropter
1012 3148 1184 3226 spatiorum,

65 3232 120 3293 que
130 3220 167 3281 ab
181 3221 216 3281 iis
230 3223 399 3304 implentur,
418 3239 515 3287 certas
528 3226 739 3306 descriptiones
752 3227 950 3307 symmetriam
963 3228 1083 3290 habent.

95 3305 123 3360 t.
141 3302 243 3363 Tertia
256 3325 322 3384 pars
335 3307 409 3368 illud
422 3309 565 3381 continet,
583 3328 642 3387 quo
656 3326 833 3370 onerum
847 3308 1055 3370 veltsuccessio
1069 3322 1184 3392 tempo-

63 3383 183 3477 rumvel
196 3387 384 3449 continuitas
393 3391 552 3470 spatiorum
569 3388 702 3452 efficitur.
742 3390 779 3449 Id
791 3401 891 3451 antem
904 3402 1045 3471 apertum
1058 3405 1103 3453 est
1124 3415 1183 3454 non

62 3474 109 3521 nm
121 3482 151 3522 m
165 3483 251 3526 tucn
263 3470 389 3548 quadam
403 3472 507 3532 inesse.
577 3511 579 3514 >

94 3548 123 3606 ⁵.
142 3544 189 3607 Ea
200 3547 251 3609 lex
263 3568 324 3610 non
336 3563 434 3632 potest
448 3571 665 3627 sunsncurvs,
686 3552 952 3634 quamphilosophi
964 3564 1081 3626 vocant,
1102 3574 1167 3617 esse
1182 3582 1191 3619 ι

63 3627 215 3705 missione
228 3630 259 3689 in
270 3635 498 3713 sensuquodam
510 3635 717 3696 concinnitatis
731 3647 762 3694 et
775 3635 991 3695 convenientiae
1004 3636 1116 3715 positus
1130 3649 1185 3700 cst.
1263 3670 1267 3677 ¹

61 3701 131 3801 ditm
156 3709 220 3770 aliis
246 3713 304 3774 alia
318 3714 505 3794 placent·et
531 3728 602 3797 apta
615 3717 761 3788 ridentur,
781 3728 870 3797 prout
892 3717 939 3777 vel
958 3717 1108 3797 ingenium
1133 3741 1186 3781 cu·

59 3803 165 3871 linque,
185 3792 232 3853 vel
247 3794 345 3856 coitus
357 3807 390 3857 et
403 3797 530 3858 eruditio
542 3798 610 3859 fert.
651 3799 759 3879 Itaque
768 3798 935 3879 hujusmodi
948 3798 999 3858 lex
1012 3799 1122 3859 nullam
1134 3802 1186 3864 ncss

59 3871 219 3935 maiorem
237 3877 395 3952 conderet,
423 3899 459 3941 ac
477 3880 575 3961 potius
592 3899 631 3941 ne
654 3880 874 3962 eranquidam
895 3881 962 3954 lex,
975 3894 1081 3961 quum,
1099 3904 1188 3965 quem

58 3965 283 4095 &numerum
292 3959 339 4021 vei
352 3963 551 4042 symmetriam
559 3961 608 4024 alii
623 3963 847 4038 contenderent,
860 3961 1061 4025 aliinon-csse
1071 3967 1187 4044 judica·

122 4049 231 4099 efflent.

89 4123 119 4182 6.
141 4118 237 4182 Porro
250 4120 302 4183 lex
314 4122 444 4188 ista-non
457 4136 558 4207 potest
570 4143 784 4200 usrnnrssrs
798 4145 882 4189 esse:
903 4126 996 4206 qualis
1010 4140 1108 4203 esset,
1119 4151 1186 4212 que

58 4196 89 4289 ‚⁸¹
107 4219 166 4275 res,
185 4201 336 4284 inquibus
348 4224 489 4269 numerus
502 4208 548 4270 vel
561 4211 731 4291 symmetria
741 4221 797 4283 est,
811 4219 967 4291 spectaret.
1002 4211 1080 4270 Nam
1094 4233 1185 4292 quum

57 4293 83 4338 n
99 4300 224 4346 amero
245 4285 430 4368 perinde-sit,
450 4299 550 4355 utrum
568 4292 634 4354 soni
654 4312 693 4356 aa
711 4303 810 4356 motus
829 4291 885 4355 sibi
904 4293 1075 4368 succedant,
1095 4295 1185 4357 modo

603 4391 631 4449 A
