2694 4866
234 288 237 293 .
312 235 371 296 nn
395 231 690 298 auaeasnrms
711 231 930 321 nurerum
1094 188 1100 199 ’
1124 231 1186 304 aaa

77 404 236 466 mendatio
249 404 409 465 carminum
423 404 549 476 illorum,
568 423 633 483 quae
655 404 713 464 hoc
734 404 820 464 metri
844 423 953 483 genere
973 402 1081 486 scripta
1103 416 1183 480 sunt,

77 502 152 546 uum
175 489 298 565 majores
317 506 486 566 progressus
506 485 619 556 fecerit,
639 485 765 564 judicari
777 485 894 563 poterit,
909 505 946 545 an
960 486 1049 555 etiam
1062 486 1184 548 dimeter
1240 500 1243 504 ’
1271 548 1276 557 ,

77 568 340 648 rachycatalectus,
355 571 438 647 cujus
453 567 584 645 quadam
598 566 733 645 exempla
746 586 837 643 quum
850 566 898 625 alii
912 567 981 640 loci,
1002 579 1065 627 tum
1085 568 1134 628 ille
1153 569 1184 626 in

77 642 153 708 tanis
166 651 307 729 praebent,
322 651 449 728 itemque
463 657 642 708 monometer
656 646 909 726 hypercatalectus
923 649 1053 727 usurpati
1065 647 1184 710 fuerint.

77 721 153 870 ἔθιζε
173 731 290 809 quidem
310 730 419 790 habere
438 729 552 789 videtur
567 728 721 807 Euripides
741 728 772 786 in
788 728 914 789 Hecuba
927 748 956 790 v.
970 735 1039 791 193.
1054 735 1122 793 196.
1136 731 1184 792 ed.

140 928 259 998 nasuta,
274 928 354 1002 pirna.

140 1012 248 1070 κάπνην
260 1017 352 1093 pairac,

77 1129 117 1192 nisi
137 1132 301 1192 dochmiaci
321 1143 393 1192 sunt
415 1132 446 1191 hi
470 1151 578 1193 versus.
621 1133 769 1194 Caeterum
782 1132 870 1194 etiam
884 1135 1061 1195 recentiores
1082 1135 1180 1195 Graeci

77 1213 240 1288 nuremiacis
253 1215 416 1293 spondiacis
437 1214 578 1285 luserunt,
600 1226 632 1273 ut
658 1215 806 1294 Synesius,
828 1218 911 1294 cujus
924 1216 1041 1294 quintus
1055 1217 1183 1297 hymnus

77 1313 118 1354 roc
130 1305 223 1355 metro
237 1297 365 1374 scriptus
379 1305 432 1366 est,
454 1306 484 1355 et
505 1296 622 1374 quidem
643 1309 711 1354 octo
732 1297 780 1355 ille
800 1307 831 1356 et
852 1297 1004 1375 sexaginta
1024 1316 1122 1358 versus
1143 1315 1183 1358 cx

78 1374 128 1435 olis
135 1375 270 1455 spondeis
280 1376 373 1436 factos
388 1377 597 1455 complectens:
612 1396 679 1436 nam
692 1397 720 1437 v.
734 1382 764 1438 5.
779 1377 917 1456 Synesius
929 1377 1041 1461 irrugat
1055 1379 1184 1439 dederat.

101 1462 147 1523 17.
170 1456 296 1516 Dicatur
319 1476 397 1517 nunc
422 1458 459 1516 de
484 1456 633 1518 Romanis.
674 1458 790 1516 Horum
811 1458 937 1536 tragicos
958 1459 1121 1540 systematis
1141 1459 1186 1519 di·

77 1549 220 1598 tetrorum
234 1558 293 1597 una
306 1538 418 1597 numeri
438 1539 633 1618 perpetuitate
647 1539 860 1599 cohaerentibus
875 1559 941 1599 usos
955 1561 1019 1601 esse
1033 1541 1184 1602 Bentleius
1202 1603 1206 1607 ,

77 1640 88 1677 1
102 1618 226 1699 epistola
238 1621 276 1678 ad
291 1619 417 1678 Millium
431 1640 460 1698 p.
473 1622 544 1683 474.
565 1620 675 1697 aliquot
689 1619 830 1699 exemplis
843 1619 954 1681 docuit.
984 1625 1097 1701 ¹Atque
1117 1621 1184 1694 etsi,

79 1699 218 1779 eperditis
241 1700 345 1759 horum
366 1702 518 1778 poetarum
544 1702 668 1780 scriptis,
693 1720 753 1760 non
773 1702 853 1759 omni
873 1721 911 1759 ex
932 1713 1015 1780 parte
1029 1702 1066 1760 de
1080 1703 1136 1762 hac
1150 1723 1183 1762 re

77 1780 179 1841 rdicari
192 1792 299 1858 potest,
314 1781 385 1839 illud
395 1790 493 1840 tamen
503 1800 541 1839 ex
556 1793 600 1840 tot
614 1794 824 1859 anapaestorum
834 1782 1003 1859 fragmentis
1016 1782 1085 1841 satis
1100 1795 1183 1844 certo

77 1863 214 1940 elligitur,
230 1862 401 1920 Graecorum
416 1861 478 1919 illos
489 1861 656 1940 exemplum
665 1872 802 1940 sequutus
813 1873 843 1919 et
858 1881 996 1920 caesuram
1010 1863 1181 1941 plerumque

77 1943 235 2015 bservasse,
256 1954 286 2003 et
306 1941 482 2022 paroemiaco
502 1941 608 2001 finiisse
629 1953 796 2021 systemata,
818 1952 849 2001 et
869 1954 1081 2001 monometrum
1105 1963 1180 2002 non-

77 2044 215 2105 umquam
236 2023 483 2094 admiscuisse,·et
504 2023 612 2082 cavisse
632 2040 670 2081 ne
689 2021 803 2081 numeri
829 2022 1007 2101 perpetuitas
1027 2024 1183 2084 interrum-

77 2118 185 2167 eretur.
220 2104 278 2164 Sed
292 2104 330 2164 ad
343 2102 457 2162 numeri
470 2104 717 2163 continuationem
732 2101 810 2182 quod
820 2103 935 2174 attinet,
949 2104 1047 2162 nescio
1061 2122 1098 2163 an
1112 2124 1183 2164 con·

77 2187 129 2247 inti
154 2186 274 2260 fuerint,
299 2187 329 2244 in
349 2185 451 2245 ultima
472 2186 543 2246 sede
563 2203 659 2262 neque
683 2184 841 2243 trochaeum
862 2185 955 2243 vocali
983 2186 1181 2259 terminatum,

77 2287 150 2349 eque
165 2267 315 2329 Creticum
328 2285 447 2347 ponere,
463 2267 512 2345 qui
536 2266 625 2346 pedes
648 2264 734 2342 plane
754 2265 925 2343 perturbant
944 2265 1099 2333 decursum
1122 2285 1179 2325 nu-

77 2350 138 2408 teri.
182 2348 374 2409 Tnbracbum
383 2367 500 2426 quoque
509 2347 533 2408 si
541 2366 599 2406 non
610 2345 728 2424 ubique,
744 2346 915 2425 plerumque
928 2358 1027 2406 tamen
1040 2347 1180 2406 eviratum

77 2431 181 2491 fedam.
201 2487 204 2493 ,
230 2429 299 2489 Non
320 2430 408 2489 etiarn
420 2430 541 2489 hiatum.
582 2429 671 2489 Certe
684 2427 727 2487 sic
748 2427 860 2487 Ennius
873 2427 904 2486 in
918 2428 1088 2489 Alcmaeone
1101 2428 1180 2510 apud

77 2511 230 2573 iceronem
248 2512 286 2577 Q.
307 2510 403 2572 Acad.
416 2510 471 2572 IV.
489 2515 539 2573 28.

120 2628 239 2684 intendit
250 2628 360 2685 crinitus
370 2627 471 2702 Apollo
1133 2601 1135 2605 ⁷
1154 2633 1168 2661 ‘
1179 2612 1182 2619 Ι

120 2717 214 2755 arcum
226 2711 353 2765 auratum,
367 2700 431 2755 luna
442 2699 570 2758 innixust

119 2771 213 2826 Diana
224 2770 308 2826 facem
315 2772 383 2844 jacit
395 2790 411 2826 a
422 2773 497 2828 laeva.

77 2875 115 2936 isi
130 2894 191 2934 una
200 2875 230 2933 in
244 2875 385 2954 principio
398 2876 509 2955 syllaba
521 2877 614 2939 deest.
655 2879 802 2941 Caeterum
810 2889 891 2940 recte
900 2877 966 2938 libri
973 2887 1088 2938 veteres
1098 2874 1176 2950 luna,

77 2975 147 3036 eque
166 2956 199 3014 id
218 2957 248 3014 in
261 2955 343 3016 luant
362 2958 468 3016 mutari
481 2958 617 3022 debebat.
659 2960 774 3021 Lunam
788 2973 874 3022 vocat
894 2979 994 3019 arcum
1015 2961 1177 3019 curvatum.
1283 2993 1287 3002 ·

77 3038 117 3098 'ec
142 3038 297 3109 trochaeus,
319 3054 410 3118 quum
430 3038 547 3117 quidem
568 3054 747 3102 consonante
760 3062 819 3102 vox
840 3042 1021 3113 terminatur,
1041 3057 1177 3117 magnam

77 3117 239 3180 lensionem
251 3119 350 3190 habet,
371 3119 446 3179 utin
462 3120 538 3178 Attii
552 3120 713 3201 Eurysace,
734 3126 759 3183 si
779 3135 859 3184 recte
874 3123 1004 3201 Scaliger
1017 3121 1055 3182 ad
1069 3121 1176 3181 Varro-

77 3217 116 3260 am
130 3220 161 3280 p.
170 3203 247 3282 ¹107.
261 3199 320 3259 duo
340 3201 503 3279 fragmenta
517 3203 735 3282 conjunxisset:

118 3335 192 3371 nunc
203 3335 251 3389 per
263 3327 346 3374 terras
358 3336 438 3389 vagus
448 3317 569 3386 extorris,

117 3390 275 3443 exturbatus
286 3406 367 3460 regno
378 3400 457 3461 atque
475 3390 548 3446 mari.

77 3490 111 3551 ed
124 3510 186 3551 non
201 3491 300 3553 docuit
315 3493 358 3551 vir
377 3513 517 3566 summus,
532 3497 678 3575 quomodo
698 3496 747 3555 ille
767 3495 840 3555 mari
853 3494 1025 3554 exturbatus
1045 3490 1103 3551 dici
1124 3511 1176 3571 po·

77 3573 149 3633 terit.
191 3573 297 3651 Neque
310 3574 351 3633 ita
364 3575 442 3652 apud
456 3576 484 3634 N
486 3577 584 3636 onium
598 3589 654 3650 est,
667 3579 719 3637 sed
732 3598 820 3659 regno
834 3575 995 3636 exturbatus
1008 3574 1092 3653 mari,
1103 3572 1132 3629 in
1146 3588 1176 3635 u.

77 3654 180 3715 torris.
222 3656 296 3721 Quae
309 3667 479 3733 sequuntur,
501 3657 579 3717 idem
600 3659 714 3718 Nonius
728 3658 757 3716 in
771 3678 799 3717 v.
813 3660 952 3737 anfractu
972 3653 1064 3713 affert.
1106 3653 1176 3712 Non

77 3735 151 3795 tbito
166 3733 322 3795 cohaesisse
336 3736 390 3798 ista
404 3737 578 3817 fragmenta,
592 3740 645 3800 sed
658 3739 799 3800 servanda
811 3753 856 3799 est
868 3749 953 3799 vetus
972 3735 1133 3815 scriptura:

83 3862 86 3869 '
115 3868 192 3906 nunc
204 3860 345 3922 perterraa
356 3869 445 3923 vagus,
462 3855 584 3923 extorris,

114 3939 204 3993 regno
215 3925 378 4000 exturbatus,
395 3924 460 3978 mari
478 3964 485 3979 .
499 3963 507 3980 .
519 3965 546 3983 ..

114 4009 201 4064 super
219 3992 320 4048 Oceani
332 4005 424 4048 stanna
435 3995 488 4050 alta
500 3997 582 4068 patris

191 4073 319 4118 terrarum
329 4038 454 4120 andraea
462 4069 583 4134 revisam,

77 4165 226 4229 ibrachus
240 4165 270 4223 in
285 4165 354 4237 fine,
374 4167 427 4227 sed
441 4171 659 4232 excusationem
671 4169 782 4232 habens
795 4189 814 4231 a
826 4181 966 4251 sequente
979 4169 1088 4249 duplici
1102 4187 1171 4230 con·

77 4261 179 4319 rante,
196 4246 284 4306 estin
299 4248 376 4307 Attii
392 4249 556 4311 Philocteta
569 4253 647 4330 apud
665 4252 826 4314 Varronem
846 4273 877 4332 p.
897 4255 948 4315 67.
962 4271 1049 4332 quem
1062 4251 1171 4320 locum,

77 4336 123 4409 jus
139 4341 259 4412 partem
273 4330 396 4392 servavit
412 4332 517 4393 Cicero
531 4337 569 4401 Q.
591 4335 680 4395 Tuae.
696 4335 739 4396 11.
755 4339 803 4398 10.
817 4333 859 4395 alc
872 4333 1058 4395 scribendum
1071 4344 1161 4412 puto:
