2694 4866
462 306 543 371 nra.
562 310 605 372 11.
626 310 720 374 car.
741 284 826 375 xrx'.

552 654 669 732 CAP.
695 654 807 731 XIX.

443 861 495 935 ua
523 859 704 911 vastamus
731 861 915 913 caarrcrs.

158 1023 186 1078 1.
208 1017 347 1078 Cassios
361 1031 460 1074 versus
481 1034 535 1093 per
555 1034 587 1075 se
601 1015 656 1096 ipsi
669 1016 818 1096 explicatu
838 1018 1058 1080 facillimisunt.
1100 1016 1230 1098 Nmpe

119 1101 254 1161 Creticus
268 1096 339 1156 nihil
354 1106 399 1156 est
408 1097 463 1155 nisi
474 1096 592 1176 dipodia
605 1098 757 1158 trochaica
769 1100 953 1161 camlectica.
974 1102 1063 1163 Unde
1076 1120 1166 1181 quum
1176 1100 1229 1181 plu·

116 1201 164 1242 res
179 1179 290 1242 Cretici
304 1181 532 1258 conjunguntur,
546 1179 652 1256 singuli
673 1199 732 1238 uno
746 1181 848 1242 ordine
870 1193 1015 1252 constant,
1037 1182 1108 1263 quia
1125 1201 1183 1241 non
1198 1197 1230 1239 ex

115 1262 277 1342 posteriore
291 1261 433 1338 cujusque
447 1260 503 1318 arsi
517 1259 606 1319 thesis
619 1261 716 1338 aliqua
729 1261 831 1331 oritur,
846 1262 899 1322 sed
911 1276 1037 1343 sequena
1050 1262 1172 1343 quisque
1186 1280 1230 1321 uo·

114 1362 154 1405 va
168 1362 236 1401 cunr
249 1341 305 1402 arsi
318 1341 431 1420 incipit.
472 1340 590 1402 Deinde
603 1343 773 1413 trocheum,
789 1343 839 1422 qui
852 1344 883 1401 iu
898 1344 1017 1405 Cretico
1030 1344 1119 1417 inest,
1131 1342 1231 1423 quiaia

116 1425 216 1486 medio
237 1424 338 1484 ordine
351 1435 405 1494 est,
421 1441 525 1502 purum
539 1422 648 1482 servari
661 1422 770 1484 debere
780 1424 963 1504 intelligitur.
1003 1425 1089 1486 Arsis
1101 1423 1232 1491 antemi·

117 1505 216 1602 pnedio
229 1524 315 1564 versu
330 1517 463 1582 utraque,
478 1516 512 1563 ut
525 1503 554 1561 in
569 1506 702 1567 omuibus
715 1505 872 1567 trochaicis
884 1506 1023 1576 versrhus,
1049 1506 1124 1567 solvi
1136 1517 1230 1587 potest.

117 1609 149 1648 m
163 1586 266 1646 ultimo
279 1587 355 1667 pede
368 1598 466 1644 autem
479 1586 573 1665 prima
585 1597 711 1660 tantum,
725 1587 793 1666 quia
805 1588 837 1646 in
849 1589 918 1660 hoc,
934 1599 967 1648 ut
979 1588 1009 1647 in
1023 1586 1178 1649 trochaicis
1190 1586 1230 1647 s's·

118 1669 271 1740 talecticis,
292 1667 394 1727 ultima
407 1669 479 1727 arsis
493 1667 634 1746 syllabam
647 1669 804 1747 ancipitem
825 1669 923 1730 habet.
965 1668 1122 1745 Catalexiu
1137 1662 1234 1730 Cretici

116 1753 290 1831 plerumque
303 1748 412 1808 nullam
425 1749 544 1820 habent,
560 1750 628 1828 quia
640 1761 745 1809 natura
754 1769 808 1809 sua
822 1751 956 1812 Creticus
970 1752 1105 1812 ordinem
1118 1750 1232 1811 catalec-

116 1834 210 1894 ticum
224 1831 364 1892 continet.
406 1831 531 1898 Quodsi
545 1830 640 1903 aliter,
661 1851 748 1910 quam
762 1831 825 1911 ipso
840 1833 960 1894 Cretico
974 1832 1127 1904 liniuntur,
1139 1831 1233 1892 lithos

115 1928 168 1974 aut
182 1927 214 1972 ut
228 1911 376 1973 trochaeus
389 1913 427 1972 sit
440 1912 559 1972 ultimus
572 1913 655 1985 ordo,
670 1914 720 1992 qui
732 1913 842 1974 Cretici
853 1913 1017 1974 catalectici
1026 1925 1180 1988 vocantur,
1189 1918 1232 1973 aul

117 2009 152 2056 ut
165 1996 203 2054 sit
216 1994 335 2073 dipodia
347 1993 506 2064 trochaica,
521 1993 571 2072 qui
585 2007 654 2053 sunt
667 1993 906 2074 hypercatalecti.
1230 2042 1234 2053 .

156 2081 187 2139 2.
198 2077 259 2137 Sed
271 2094 406 2154 magnam
419 2095 456 2135 ac
469 2075 519 2134 vix
532 2075 736 2153 explicabilem
750 2075 949 2135 difficultatem
961 2077 1061 2155 oincit
1074 2075 1231 2147 similitudo,

115 2169 250 2240 quaeest
272 2159 349 2219 iuter
374 2158 523 2218 Creticum
547 2176 582 2216 ac
609 2157 733 2235 primum
762 2169 956 2236 quartumque
982 2178 1127 2238 paeonem.
1166 2157 1232 2217 Nam

116 2261 208 2320 quum
221 2240 346 2320 paeonici
358 2259 458 2300 versus
472 2257 608 2298 mensura
621 2238 746 2299 Creticis
759 2258 854 2317 pares,
868 2239 983 2301 incessu
996 2254 1095 2300 autem
1109 2236 1231 2301 simillimi

115 2325 185 2392 sint,
201 2321 327 2382 dubitari
340 2332 448 2401 potest,
470 2332 569 2380 utrum
593 2319 698 2380 diversi
722 2320 790 2391 siut,
804 2340 842 2380 an
857 2321 955 2381 iidem.
995 2321 1108 2381 Musici
1121 2334 1233 2389 veteres,

115 2424 206 2484 quem
230 2408 323 2484 p‘ollptr
345 2414 461 2473 vocant,
484 2421 543 2460 non
568 2403 629 2460 tam
653 2421 700 2472 eo,
721 2421 808 2480 quem
821 2421 875 2462 nos
888 2421 1042 2462 numerum
1056 2403 1232 2483 appellamur,

116 2504 205 2564 quam
219 2495 384 2561 temporum
398 2481 614 2560 comparatione
628 2481 815 2544 definiebant.
854 2484 961 2564 Itaque
974 2496 1009 2543 ut
1022 2503 1075 2563 par
1088 2485 1151 2564 pari
1164 2502 1231 2543 com·
1249 2496 1252 2501 '

116 2565 245 2647 positum
266 2562 428 2643 dactylicos
449 2575 538 2642 atque
562 2564 751 2642 anapaesticus
775 2584 921 2637 numeros,
945 2566 1066 2645 duplum
1087 2560 1233 2641 autemid

115 2646 253 2726 simplum
266 2658 466 2725 comparatum
482 2645 646 2705 trochaicus
657 2656 745 2724 atque
759 2646 897 2706 iambicos
911 2646 1009 2719 efficit,
1023 2647 1066 2706 ita
1079 2645 1231 2726 sescuplum

115 2747 186 2789 cum
200 2728 304 2808 simplo
317 2732 517 2810 conjunctum,
532 2747 598 2807 quae
611 2727 686 2786 ratio
700 2727 788 2787 trium
802 2739 847 2787 est
860 2729 898 2787 ad
912 2727 982 2800 duo,
997 2748 1154 2788 numerum
1172 2744 1232 2808 pra·

117 2812 188 2872 bere
201 2810 366 2891 paeonioum
379 2808 541 2870 videbatur.
582 2809 611 2867 Is
626 2828 773 2880 numerus,
787 2809 812 2867 si
821 2829 913 2868 unum
927 2820 1042 2890 tempus
1054 2809 1183 2890 longum,
1195 2826 1231 2866 re-

112 2892 195 2972 liqua
207 2891 307 2952 brevia
319 2903 397 2965 sunt,
411 2900 549 2969 quattuor
562 2909 695 2970 paeones;
716 2891 740 2950 si
761 2891 821 2950 duo
834 2891 922 2970 longa
935 2904 1067 2971 tempora
1080 2902 1158 2962 suut,
1172 2891 1231 2951 Cre·

114 2975 218 3046 ticum,
233 2972 405 3042 Bacchium,
415 2971 657 3050 palimbacchium
673 2972 814 3032 continet.
849 2972 896 3033 Ex
907 2971 1232 3053 paeouibusprimustan·

115 3066 178 3115 tum
192 3064 223 3115 et
234 3065 354 3134 quartus
367 3052 471 3113 adsciti
484 3063 568 3125 sunt3
582 3072 620 3113 ex
635 3053 877 3134 caeterispedibus
892 3053 1072 3115 Creticus-et
1087 3053 1232 3116 Bacchius:

196 3172 331 3242 ..h-UVU
412 3171 547 3238 υυυ-Ι-
628 3172 746 3238 Lada.
827 3173 945 3240 uss..

114 3287 165 3369 qui
179 3308 269 3367 quum
282 3288 341 3347 sint
354 3306 476 3349 numero
490 3289 683 3362 diversissimi,
699 3302 796 3349 tamen
808 3309 908 3350 omnes
918 3288 1041 3368 paeonici
1054 3287 1153 3349 vocati
1165 3293 1230 3349 suot

113 3368 248 3442 Metrici,
257 3370 390 3430 eamdem
401 3372 477 3430 viam
488 3370 620 3450 ingressi,
635 3372 695 3432 duo
710 3371 906 3432 distinxerunt
919 3370 1117 3450 paeonicorum
1128 3382 1232 3449 geum·

118 3451 271 3513 Creticum
285 3470 387 3525 unum,
401 3451 525 3512 alterum
540 3452 746 3513 Bacchiacum.
788 3454 864 3514 Haec
879 3454 957 3513 enim
970 3462 1105 3532 apertum
1119 3463 1163 3511 eat
1176 3465 1234 3509 coa·

116 3534 201 3594 fundi
214 3552 273 3594 nou
287 3533 427 3612 potuisse.
456 3533 578 3593 Paeones
587 3547 686 3594 autem
700 3535 810 3613 primus
820 3546 1010 3614 quartusque,
1025 3533 1165 3611 quoniam
1176 3546 1236 3591 cou-

113 3617 260 3680 tractione
274 3616 354 3677 fecta
368 3615 517 3676 Creticum
533 3617 674 3695 praebent,
689 3635 861 3695 rursumque
873 3616 1008 3676 Creticus
1017 3615 1047 3673 in
1061 3615 1116 3695 hos
1130 3626 1233 3693 perones

114 3699 247 3759 converti
261 3708 369 3778 potest,
395 3698 433 3761 ad
448 3697 582 3758 Cretioos
595 3696 680 3758 relati
693 3707 770 3757 sunt.
789 3695 796 3709 ¹
812 3698 881 3758 Non
906 3698 957 3756 ubs
972 3695 1143 3766 revidetur,
1157 3693 1238 3754 verba

113 3784 262 3859 appohere
277 3779 415 3838 A'rlstidis
429 3779 602 3846 Quintiliani
615 3801 645 3859 p·
660 3785 709 3843 55·
725 3799 787 3858 seq.
808 3786 836 3840 ri
860 3777 885 3839 di
908 3786 1039 3840 rurestris
1062 3772 1237 3852 καλίῗωρῖῑ
1268 3832 1270 3863 Ι

112 3868 158 3919 aar
173 3862 302 3943 ligrrrao'n
322 3859 365 3920 dui
379 3868 407 3919 rh
422 3863 483 3921 arri
495 3864 538 3939 μὲν
553 3869 603 3928 τοῖς
617 3865 711 3923 sras'sm
731 3865 864 3943 καθαροῖς,
880 3864 941 3923 mci
955 3859 981 3921 δὲ
992 3867 1045 3927 τοῖς
1059 3865 1189 3942 Reseratis
1199 3880 1239 3934 pl·

111 3945 233 4022 egdore«.
254 3943 360 4016 uiliores
374 3939 400 4003 di
412 3943 443 4019 μί
460 3962 489 4000 'r
511 3943 688 4026 τετραμέτρου·
708 3945 769 4022 τινὲς
790 3940 816 4004 ii
838 3948 886 4004 arsi
907 3943 1069 4034 srsrra‘pssrgae
1088 3943 1240 4006 Μαίη.

111 4022 228 4095 yr'yrsrru
241 4021 268 4083 δὲ
285 4032 373 4093 ταῦτα
394 3970 505 4084 uixisti
525 4033 571 4085 τοῦ
592 4027 714 4108 rrrrlprsv
737 4027 843 4090 παίωνος
862 4028 989 4106 καθαροῦ,
999 4021 1034 4099 1οὗ
1049 4023 1181 4089 πιλλᾶικ
1193 4020 1241 4093 35«

111 4107 160 4168 ταὶς
174 4100 217 4163 diro
229 4104 309 4180 peirac
322 4108 447 4188 βςαχιίακ
462 4105 615 4178 rvuripsmr
631 4113 662 4172 tic
684 4108 796 4189 praeerit,
820 4105 863 4168 dui
877 4107 1005 4185 Buxu'so
1018 4106 1139 4187 κιθιςοῧ
1151 4111 1245 4165 mbr

110 4184 311 4264 auxensis&
324 4190 365 4250 rtis
378 4189 524 4248 mhsvraer'aer
537 4191 639 4269 pugnis
653 4194 686 4255 sis
699 4185 742 4247 diro
755 4189 880 4269 βμχιιάς
893 4188 1002 4259 hiram,
1017 4183 1050 4246 δι’
1063 4184 1128 4246 ‘s‘hnr
1140 4197 1246 4271 ῥςκχιι·

112 4271 144 4326 ὅν
156 4274 231 4326 τοῦτο
249 4265 306 4348 (ita
317 4286 372 4347 pro
385 4274 464 4329 seori
488 4268 674 4327 scribendum
688 4269 778 4351 puto)
801 4278 909 4342 ποιοῦσι,
929 4273 971 4333 cris
990 4263 1159 4329 arnardi·
1177 4268 1247 4344 prim

110 4347 228 4431 riragrsr
242 4350 341 4410 walcros
354 4358 487 4431 regebam,
502 4346 546 4410 ira
558 4356 587 4409 ri
601 4357 644 4418 τῖς
656 4358 760 4432 pangis
774 4357 806 4417 sir
830 4353 972 4412 olveiram-rr
995 4354 1043 4411 sr’rs·
1058 4350 1122 4416 sris·
1165 4347 1249 4407 Hine

114 4440 170 4505 est,
184 4428 264 4514 qnod
276 4429 408 4517 plerique
421 4430 586 4512 paeonicum
598 4443 724 4496 metrum
749 4431 948 4514 rhythmicum
961 4449 1026 4497 esse
1061 4431 1192 4507 'seruat
1214 4443 1247 4490 ut
