2694 4866
106 354 147 413 20
227 342 308 406 LIB.
330 344 357 402 1.
375 338 470 401 CAP.
489 335 563 397 vn.
580 332 641 395 Dli
663 329 851 394 NUMERO
875 329 1104 392 SERMONIS.

107 516 350 657 'ngpetdnmn
374 507 510 588 denique,
531 505 562 564 in
585 501 691 585 quibus
714 501 754 562 sd
777 500 906 581 integros
928 499 1062 580 dipodiss
1081 515 1193 579 parspr

95 618 166 660 ‚ecc
206 617 215 654 ι
236 620 245 665 ;

193 701 593 790 ..μη-μυι-
784 695 1164 782 s-n..1s..s-1s

113 843 156 902 Hl
177 861 293 923 quoque
313 842 343 898 in
357 834 510 917 dactylicis
530 845 599 895 sunt
613 834 838 917 ingurelntmt
852 839 884 900 sk
899 836 1041 903 ηλλιβὺν,
1064 842 1094 889 el
1109 839 1140 899 sir
1154 829 1193 890 in

113 939 201 996 λαβοι,
224 923 392 1003 pariterque
405 920 436 977 in
455 916 603 998 paeonicis,
624 917 654 973 in
674 915 778 995 quibus
796 915 885 974 etiam
899 915 986 975 tertio
999 912 1153 988 κατάληξις,
1177 933 1193 991 q

113 1008 207 1068 estin
228 1004 420 1084 trisyllabum,
441 1000 465 1058 si
486 1000 526 1059 ita
549 998 691 1066 rideatur,
714 995 781 1056 addi
796 1009 902 1074 potest.
945 995 1194 1075 Hypercatnlecti‚

113 1089 216 1147 ultimo
237 1085 317 1165 pedi,
339 1083 418 1162 quod
437 1082 465 1140 ei
484 1081 577 1149 deest,
597 1077 769 1150 restituitur,
791 1078 1039 1156 brachycatalecti
1061 1077 1144 1135 fiunt.
1186 1074 1194 1132 l

112 1167 333 1230 terminationes
343 1183 451 1230 omnes,
473 1172 601 1241 excepte
614 1178 660 1233 es,
681 1178 746 1238 quae
760 1171 804 1219 est
817 1177 954 1220 versuum
975 1158 1194 1219 stetslemicon

113 1254 264 1324 καταλέξας
275 1245 417 1307 nominari
430 1243 534 1304 solent.

492 1550 495 1557 ,
560 1468 676 1546 CAP.
706 1468 799 1545 VII.

459 1666 511 1716 nn
529 1664 903 1717 nuusnossnnrours.
955 1630 959 1638 ’

158 1824 183 1877 1.
205 1817 339 1876 Osnrro
353 1811 447 1872 omnis
457 1808 546 1871 etism
565 1811 628 1871 sola
648 1831 701 1890 per
720 1829 752 1871 se
766 1831 920 1872 numerum
933 1811 1041 1872 lrabeat
1054 1831 1195 1875 necesse<

115 1898 184 1979 qnia
194 1898 259 1957 sine
273 1914 395 1955 numero
404 1894 524 1974 sylleboe
534 1911 593 1951 non
602 1893 796 1965 cohererent,
810 1914 866 1954 nec
876 1895 974 1973 plures
984 1895 1105 1973 syllubae
1116 1897 1145 1955 in
1154 1917 1195 1956 un

117 1978 302 2051 vocabulum,
335 1987 386 2036 sut
407 1976 493 2056 pluro
516 1974 659 2034 vocabulo
682 1973 714 2032 in
739 1994 826 2035 unum
845 1976 988 2036 orationis
1013 1978 1195 2056 complexion

114 2061 253 2144 conjungi
266 2071 395 2140 possent.
436 2058 508 2140 Ejus
529 2057 571 2116 rei
591 2056 622 2115 in
641 2055 763 2134 singulis
783 2058 930 2117 vocabulis
948 2071 1100 2133 accentus,
1121 2061 1151 2119 in
1175 2079 1196 2119 o

111 2143 312 2226 junctionibus
326 2141 480 2202 verborum
494 2144 574 2198 vocis
588 2137 713 2198 intensio
728 2137 866 2201 indicium
880 2150 934 2200 est.

153 2230 182 2287 2.
204 2225 293 2299 Quod
307 2225 331 2284 si
342 2223 570 2304 unumquodque
582 2221 755 2280 vocabulum
765 2241 918 2280 numerum
927 2241 1012 2280 suum
1022 2221 1114 2282 hebet
1122 2223 1196 2282 ideo(

112 2326 150 2370 ex
166 2327 226 2367 uno
239 2308 284 2368 vel
296 2306 428 2385 pluribus
437 2305 588 2365 ordinibus
598 2314 722 2371 constat,
735 2314 851 2381 oportet
862 2322 1015 2363 numerum
1026 2305 1196 2363 vocabuloru

46 2444 48 2450 .
111 2390 184 2448 sies
196 2388 326 2448 versibus
339 2385 637 2466 comprehendentur,
660 2403 726 2444 curn
736 2400 870 2444 versuum
886 2405 1008 2445 numero
1022 2386 1064 2445 its
1074 2385 1196 2445 consocii

113 2480 148 2529 ut
161 2480 265 2540 neuter
279 2467 402 2526 alterum
417 2467 510 2526 tollat.
552 2465 598 2522 Fit
609 2466 667 2524 hoc
678 2476 776 2524 autem
787 2467 880 2527 tribus
890 2468 994 2544 modis,
1007 2487 1060 2549 per
1070 2484 1196 2533 cresunt

116 2569 169 2630 per
184 2567 364 2611 sennensis
378 2564 580 2618 sucturum,
601 2566 654 2627 per
665 2564 868 2609 enosonrnu.
887 2592 895 2607 ,

531 2731 653 2839 'cun
690 2761 801 2839 vru.

557 2959 610 3007 DE
628 2957 792 3010 cAEstJRA.

157 3113 185 3172 l.
205 3106 359 3166 Cesset·
375 3103 435 3165 sive
459 3122 595 3179 rucrsro,
617 3123 704 3185 quam
724 3109 800 3185 eonii
817 3102 920 3166 Greci
939 3117 1057 3179 vocant,
1077 3105 1103 3166 is
1121 3106 1197 3169 locus

115 3208 203 3249 versu
223 3187 342 3260 dicitur,
363 3206 422 3267 quo
443 3189 515 3246 ordo
537 3187 641 3266 aliquis
659 3186 767 3247 linitur.
809 3187 898 3247 Unde
919 3189 1035 3267 proprie
1056 3198 1102 3248 tot
1123 3205 1196 3248 caesu

115 3271 205 3331 habet
229 3288 338 3337 versus,
362 3280 434 3346 quot
454 3269 484 3325 in
513 3269 576 3347 ipso
606 3288 691 3327 versu
717 3267 834 3327 ordines
853 3267 1003 3328 finiuntur.
1045 3270 1150 3330 Ultimi
1168 3287 1198 3327 en

116 3351 225 3412 ordinis
246 3351 345 3418 finem,
366 3361 399 3408 ut
413 3368 472 3428 quo
485 3349 571 3408 simul
584 3360 685 3409 versus
697 3350 759 3428 ipse
772 3348 900 3425 finiatur,
921 3370 980 3409 non
1001 3370 1087 3431 posse
1107 3367 1198 3410 caesnn

116 3432 225 3504 vocari,
248 3443 382 3511 apertum
396 3442 450 3488 est.

157 3521 186 3576 2.
218 3514 307 3581 Quod
327 3513 351 3572 si
375 3530 528 3571 numerum
547 3512 754 3571 vocabulorum
780 3532 849 3573 curn
869 3532 1004 3574 versuum
1024 3533 1147 3575 numero
1166 3530 1198 3570 re

117 3597 284 3659 consentire
294 3588 438 3664 volumus,
449 3591 782 3653 ordinesvocsbulorum
791 3594 891 3655 iisdem
900 3595 982 3666 locis,
997 3596 1103 3674 quibus
1113 3612 1198 3653 versut

113 3680 245 3751 ordines,
265 3677 342 3736 finiri
357 3694 477 3736 necesse
492 3686 545 3744 est,
567 3692 605 3734 ne
617 3675 759 3735 alteruter
780 3675 905 3736 alterum
924 3676 1041 3756 longius
1060 3675 1198 3756 procedes

114 3763 278 3840 pertur'oet.
320 3757 409 3818 Unde
433 3772 569 3818 cessuri
595 3756 760 3818 distinctius
780 3757 895 3817 dicetur
914 3758 979 3816 linis
1003 3758 1112 3818 ordinis
1136 3767 1198 3816 metr

119 3845 294 3920 conjunctus
308 3859 375 3898 cum
392 3839 451 3898 line
459 3840 568 3900 ordinis
581 3839 612 3897 in
621 3840 781 3900 vocabulis.
816 3839 857 3898 Et
871 3856 961 3918 quum
971 3838 1098 3913 ordines,
1120 3840 1168 3920 qui
1179 3856 1199 3896 st

119 3921 149 3980 in
173 3921 332 3991 vocabulis,
353 3940 495 3999 nusquam
517 3921 624 3983 certius
648 3922 796 3993 finiantur,
817 3941 904 4001 quum
929 3942 996 3981 cum
1017 3921 1076 3982 line
1090 3924 1199 4000 ipsovo·

119 4003 265 4075 bulorum,
287 4023 397 4063 caesure
411 4014 546 4063 censetur
559 4003 688 4062 finiendo
706 4003 849 4064 vocabulo
862 4003 892 4061 in
905 4001 969 4082 ipso
983 4003 1042 4062 fine
1061 4004 1168 4064 ordinis
1185 4019 1199 4058 n

116 4084 196 4145 ttici.
238 4085 326 4145 Unde
344 4104 433 4164 quum
459 4102 597 4144 cresumm
619 4084 785 4162 neglectam
799 4103 863 4144 esse
875 4084 1010 4158 dicimus,
1031 4086 1089 4145 hoc
1106 4081 1199 4165 signili

38 4214 40 4223 Α
121 4184 197 4238 mus,
218 4185 277 4224 non
289 4185 352 4226 esse
366 4186 433 4227 cum
443 4166 566 4225 metrico
580 4165 806 4225 ordine'fiuitum
824 4167 1008 4226 vocabulum.

163 4252 191 4307 8.
213 4247 357 4310 Quoniam
371 4259 469 4309 autem
484 4247 513 4304 in
534 4245 755 4325 pronunciando
776 4267 836 4306 non
856 4249 944 4308 modo
964 4248 1081 4326 singula
1097 4247 1199 4310 vocabu

122 4329 175 4388 sed
206 4328 294 4388 etiam
323 4329 444 4407 integrae
465 4327 621 4387 verborum
645 4328 863 4406 complexiones
885 4329 1114 4409 distinguuntur,
1145 4329 1200 4413 lun

45 4434 53 4440 ·
123 4429 241 4490 quoque
264 4409 329 4470 finis
353 4429 471 4471 cesurae
493 4408 636 4471 faciende
655 4409 784 4472 inservit.
824 4413 982 4490 Quumque
1002 4411 1099 4492 potior
1112 4410 1149 4472 sit
1162 4416 1200 4468 tot
