2694 4866
175 255 256 317 urs.
276 253 333 316 111.
355 251 449 316 car.
470 251 537 314 xv.
557 249 616 312 ns
638 248 796 314 csusn.
821 251 1000 314 susoru.
1117 237 1179 326 'aar

53 426 126 507 quia
139 423 303 486 continuari
316 441 468 483 numerum
482 421 578 482 hiatus
591 421 737 500 prohibet,
752 421 825 483 duos
834 440 934 484 versus
947 441 1012 484 esso
1025 425 1184 488 contende·

54 529 131 582 mus,
151 508 205 567 hoa
218 519 327 579 autem,
342 506 392 586 qui
407 504 505 565 statim
525 516 699 582 sequuntur,
800 587 802 595 Ι

137 641 224 710 aim
245 639 379 745 lamurlpu·
393 642 427 698 cal
447 638 501 722 rig·

137 749 218 784 mna
232 720 254 783 δ’
268 723 320 784 tv’a'
333 718 433 788 eslim
447 721 520 791 droa,

59 838 130 919 quia
150 839 181 896 in
202 837 299 897 media
320 855 393 897 voce
414 835 489 894 liniri
509 853 608 895 versus
628 846 764 914 nequeat,
785 835 955 914 negabimus
969 852 1032 896 esse
1051 837 1135 912 duos,
1156 853 1188 902 et
1281 890 1284 895 .

59 923 92 981 in
116 939 206 979 unum
230 917 460 997 conjungemus?
484 917 561 978 Mihi
581 917 699 997 quidem
718 919 776 977 hoc
796 917 880 978 valde
899 917 1039 977 absomm
1060 920 1185 983 videtur.
1234 981 1236 986 ,

21 1042 26 1050 -
61 1004 211 1065 Praeterea
229 1020 299 1060 vero
320 1011 434 1060 tantum
466 1000 559 1073 abest,
583 1011 617 1057 ut
648 999 704 1059 iata
734 999 860 1079 plurium
880 1019 1015 1059 vemuum
1039 1001 1069 1060 in
1093 1020 1186 1063 unum

61 1081 233 1164 conjunctio
255 1081 410 1142 utilitatem
433 1081 559 1159 aliquam
585 1080 703 1154 habeat,
722 1091 756 1141 ut
769 1081 856 1142 etiam
876 1100 936 1140 non
956 1080 1096 1144 mediocri
1108 1075 1189 1146 'cum

56 1165 165 1226 damno
179 1166 337 1243 conjuncta
350 1163 396 1223 sit.
437 1163 514 1222 Nam
538 1182 628 1243 quum
649 1181 749 1222 versus
772 1183 809 1224 eo
829 1162 888 1222 fine
908 1161 1133 1242 distinguantur,
1155 1178 1189 1227 ut

57 1246 146 1307 facile
159 1245 348 1305 animadverti
361 1246 398 1306 ab
411 1244 576 1323 legentibus
595 1264 734 1304 numerus
754 1246 854 1323 possit,
875 1264 934 1324 quo
953 1263 991 1303 ne
1004 1245 1113 1307 alienos
1133 1267 1191 1306 nu.

58 1346 156 1388 meros
177 1327 206 1386 in
219 1326 440 1407 pronunciando
460 1326 626 1397 adhibeant,
648 1325 712 1406 quis
729 1327 840 1408 jamin
854 1327 983 1387 versibus
1003 1339 1054 1388 aut
1067 1340 1187 1409 propter

55 1409 236 1487 solutionum
257 1408 472 1469 multitudinem
493 1407 648 1488 impeditis,
670 1419 722 1468 aut
734 1419 855 1489 propter
868 1408 1037 1471 varietatem
1050 1429 1189 1471 numero-

10 1524 12 1529 ·
43 1487 125 1551 'rum
140 1488 292 1569 ambiguis,
312 1489 335 1549 si
350 1490 447 1568 plures
461 1510 520 1550 uno
533 1491 622 1570 longo
636 1509 721 1551 versu
736 1489 1030 1570 comprehendantur,
1040 1511 1187 1562 numeros,

10 1598 13 1606 ’
45 1590 98 1632 ex
124 1571 229 1652 quihus
252 1582 396 1642 constant,
417 1571 503 1632 facile
523 1572 688 1651 perspicere
712 1584 852 1652 recteque
872 1573 1037 1653 exprimere
1060 1566 1189 1653 poterit?

53 1652 170 1715 'Prioris
177 1653 292 1733 generis
305 1653 440 1732 exempla
453 1654 482 1713 in
496 1654 660 1734 systematis
670 1654 871 1713 dochmiorum
885 1653 964 1733 apud
987 1656 1116 1734 tragicos
1127 1674 1189 1714 non

57 1744 128 1815 punt
141 1754 215 1794 rara.
256 1734 387 1794 Alterius
407 1755 497 1815 quum
520 1734 599 1807 alibi,
620 1746 683 1795 tum
707 1735 737 1792 in
753 1736 878 1808 Pindaro
901 1735 1050 1795 luculenta
1071 1746 1188 1797 exstant

57 1817 246 1877 documenta.
286 1815 439 1892 Laudabo,
454 1817 579 1898 quisine
594 1816 731 1896 magistro
744 1817 833 1878 talem
853 1836 967 1879 versum
986 1827 1070 1880 recte
1083 1817 1188 1879 recita·

56 1898 147 1960 verit:

56 2070 60 2077 .
128 2017 306 2096 ‘samarita
321 2014 414 2094 πίλῳ·
435 2012 602 2092 emradius
616 2012 641 2074 dl
653 2021 763 2088 thespiis
776 2013 838 2082 dae

220 2103 316 2177 §pangit
328 2095 350 2156 ’ἐν
364 2121 394 2170 γε
405 2093 544 2175 bedsaida
558 2097 642 2176 Νιμίᾳ
654 2103 682 2156 ri
695 2099 841 2158 καλλίνικοι

222 2178 295 2260 Piger.

13 2268 29 2301 Ἰ
59 2293 147 2375 Piget
167 2294 213 2355 vel
232 2297 352 2356 verbum
369 2294 487 2358 addere.

500 2575 621 2665 CAP.
652 2576 741 2652 XV.

330 2802 380 2851 DE
411 2800 622 2861 GENERIBUS
648 2799 915 2851 sruoPnaaUM.

102 2969 131 3027 1.
152 2965 324 3031 Quantum
346 2983 384 3024 ex
405 2963 450 3036 iis,
464 2983 530 3043 quae
544 2963 581 3022 ad
605 2983 658 3023 nos
681 2974 886 3043 pervenerunt,
911 2960 1038 3042 reliquiis
1062 2961 1189 3044 judicari

56 3055 167 3141 potest,
191 3045 388 3125 antiquissima
406 3046 578 3108 Graecorum
599 3047 728 3104 carmina
748 3064 787 3105 ex
811 3045 940 3104 versibus
964 3045 1048 3104 unius
1061 3045 1189 3124 generis,

57 3126 152 3207 risque
166 3145 224 3185 non
239 3127 322 3186 nexis
336 3127 539 3188 constiterunt.
581 3127 641 3187 Sed
663 3147 753 3206 quum
775 3126 871 3205 po'e'sis
893 3144 931 3186 ex
953 3125 1030 3205 epici
1053 3124 1189 3186 carminis

58 3208 262 3286 magnitudine
282 3222 313 3269 et
336 3209 479 3288 gravitate
502 3207 539 3266 ad
551 3209 685 3268 breviora
698 3219 728 3267 et
752 3208 885 3266 tenuiora
897 3219 1070 3285 argumenta
1093 3218 1188 3268 trans-

27 3306 31 3313 ·
57 3288 196 3363 ferretur,
211 3310 347 3350 numeros
370 3311 486 3370 quoque
506 3303 574 3367 apta
597 3289 693 3368 aliqua
714 3288 917 3367 complexione
941 3287 1078 3348 concludi
1102 3307 1188 3368 opor.

58 3371 151 3430 tebat.
193 3372 240 3431 lta
253 3371 362 3432 inventi
375 3385 444 3431 suut
458 3391 568 3442 arom,
589 3391 711 3450 quorum
734 3369 963 3449 antiquissimum
984 3389 1077 3447 genus
1090 3369 1187 3430 versui

57 3451 183 3511 heroico
196 3454 360 3535 subjectum
375 3453 476 3513 hahuit
490 3464 714 3534 pentametrum,
729 3472 768 3512 ex
791 3453 904 3512 duabus
922 3451 1035 3526 heroici
1057 3450 1196 3529 partibus·

59 3531 189 3601 factum:
209 3554 302 3614 eaque
323 3535 500 3595 consociatio
522 3554 629 3594 nomen
642 3545 729 3594 nacta
743 3545 788 3594 est
800 3551 966 3594 casurum
980 3551 1148 3592 aanoracr.
1237 3595 1238 3599 ,

35 3628 39 3633 '
98 3618 132 3675 ί).
152 3615 291 3675 Excoluit
305 3617 382 3676 hanc
396 3634 576 3677 srononuu
593 3617 735 3677 rationem
749 3616 874 3676 maxime
890 3614 1095 3688 Archilochus,
1111 3634 1190 3677 nuuc

59 3693 132 3755 duos
146 3696 292 3777 simplices
304 3718 403 3758 versus
417 3700 598 3771 consocians,
612 3709 656 3773 ut,

139 3813 221 3895 edric
235 3816 379 3890 Avaalpudu,
402 3821 470 3876 artior
484 3816 584 3899 ἐφείσω
597 3812 651 3874 adds
658 3844 668 3886 ς

218 3897 258 3962 τίς
270 3899 317 3963 cala
331 3899 456 3979 magnicago
475 3897 580 3978 φςένιιςς

56 4024 138 4068 nunc
150 4008 278 4088 priorem
292 4030 403 4091 ponens
416 4022 625 4092 asynartetum,
640 4022 684 4084 ut,

138 4133 201 4194 τοῖος
214 4130 267 4209 νὰς
286 4129 417 4201 drumm
430 4127 487 4211 ἐ’ςως
502 4135 550 4190 iaci
564 4127 663 4212 medior
676 4121 786 4208 ἓλιχθῦς

217 4213 314 4274 πολλὸν
328 4212 389 4271 nde'
401 4213 489 4290 ἀχλὺν
502 4213 621 4289 ὀμμάτων
634 4209 726 4289 ἵχινυ,

53 4335 138 4381 nunc
147 4325 351 4402 posteriorem,
366 4336 398 4387 ut
413 4327 496 4388 estin
510 4327 567 4386 hoc
582 4326 710 4398 Horatii,
