2694 4866
281 276 361 346 LIB.
382 281 409 341 1.
432 280 525 344 cnP.
542 280 581 340 V.
601 276 660 340 DE
683 276 873 340 PERMUT.
894 277 1060 341 NUMER.
1204 285 1241 343 lb

106 466 211 542 potest
224 454 392 534 ambiguum
406 470 478 523 esse,
493 449 545 510 sed
558 447 595 509 ad
609 447 773 527 prosodiam
793 445 949 526 pertinere.
990 450 1089 515 Quare
1103 448 1159 509 alio
1172 449 1240 510 loco

106 541 148 599 de
163 558 199 598 ea
223 537 362 597 dicemus.
402 534 512 606 ”Assya
526 542 625 590 autem
648 531 685 588 ab
707 528 876 607 rhythmicis
896 528 1013 598 dicitur,
1039 548 1103 609 quae
1123 533 1264 592 brevior·

105 623 209 699 longa,
230 617 345 695 longior
365 626 464 675 autem
485 612 564 672 brevi
579 622 640 672 est:
669 629 755 689 quam
770 629 860 688 quum
884 610 999 670 metrici
1013 614 1042 671 in
1066 610 1238 690 quibusdam

108 701 256 761 vocalium
283 709 315 758 et
342 695 564 757 consonantium
592 691 857 753 consociatiouibus
881 691 1004 751 inveniri
1034 693 1145 765 volunt,
1176 697 1240 756 sine

107 783 211 842 fructu
224 790 414 858 argutantur:
434 777 501 837 vide
516 775 637 835 Aristid.
659 773 781 840 Quintil.
794 794 824 852 p.
843 777 894 835 45.
908 773 999 833 schol.
1021 774 1241 852 Hephaestionis

107 885 140 944 p.
152 867 205 928 78.
247 862 358 921 Verum
371 860 478 919 habeut
493 877 563 919 saue
576 867 670 917 metra
683 856 829 934 quoddam
840 867 955 934 tempus
968 855 1144 928 irrationale,
1159 860 1242 939 quod

108 956 139 1005 et
154 946 185 1003 in
199 943 281 1003 brevi
295 955 325 1003 et
338 943 368 1001 in
381 942 471 1020 longo
484 950 616 1019 tempore
633 937 835 999 imminutione
848 957 990 997 menstuae
1004 948 1149 1001 censetur.
1191 939 1238 1001 Eo

107 1026 260 1087 retulerim
275 1023 444 1104 disyllabam
459 1022 554 1081 tbesin
567 1021 613 1081 uel
625 1019 779 1081 anacrusin
792 1039 846 1099 pro
858 1019 1058 1099 monosyllaba
1071 1019 1102 1077 iu
1110 1021 1236 1081 trochai-

109 1109 153 1167 cis
166 1106 305 1177 numeris,
320 1118 350 1166 et
364 1105 513 1184 dactylum
527 1102 638 1163 minore
651 1102 740 1179 longa
753 1101 783 1159 iu
797 1100 969 1180 quibusdam
983 1100 1145 1183 dactylicis.
1186 1104 1236 1162 De

108 1189 155 1249 his
168 1188 323 1268 dactylicis
335 1187 409 1247 libro
422 1188 463 1248 11.
477 1185 608 1255 dicetur;
630 1183 668 1246 de
682 1183 757 1244 thesi
769 1183 819 1243 illa
837 1194 926 1264 atque
939 1185 1073 1245 auacrusi
1086 1196 1187 1245 autem
1205 1185 1236 1243 in
1251 1216 1255 1221 -

111 1271 208 1351 capite
221 1279 373 1351 sequente.

582 1472 696 1548 CAP.
724 1472 773 1547 V.

348 1680 398 1729 DE
423 1676 721 1729 PERMUTATIONE
746 1675 1003 1728 NUMERORUM·

154 1835 181 1889 1.
203 1828 296 1888 Unus
311 1824 432 1905 quisque
446 1841 583 1883 numerus
596 1841 679 1883 suam
691 1822 780 1882 habet
794 1832 905 1883 certam
918 1834 1007 1902 atque
1026 1825 1237 1891 immutabilem

111 1922 255 1979 naturam,
276 1925 371 1985 neque
391 1905 563 1965 commutari
583 1923 636 1983 per
649 1923 681 1963 se
695 1904 811 1983 quidem
833 1924 901 1962 cum
915 1905 972 1963 alio
986 1925 1108 1966 numero
1128 1920 1236 1988 potest,

112 1993 180 2071 quia
204 1990 246 2049 sic
262 1989 330 2045 nihil
353 2006 473 2066 usquam
494 1986 567 2045 certi
581 1987 610 2043 in
624 1985 751 2045 numeris
771 1985 856 2044 foret.
899 1986 986 2049 Quod
1000 1988 1024 2046 si
1038 1999 1135 2047 tamen
1155 2011 1235 2050 com·

111 2084 262 2131 mutantur
287 2069 406 2128 interae
430 2068 547 2147 quidam
570 2067 693 2136 numeri,
719 2065 837 2125 arbitrio
860 2065 890 2124 id
911 2067 974 2126 fieri
998 2069 1176 2129 censendum
1191 2085 1235 2133 eat

111 2172 225 2223 eorum,
249 2151 300 2230 qui
323 2161 444 2209 utuntur
471 2149 608 2207 numeris.
659 2149 769 2205 Verum
794 2146 868 2205 ratio
895 2148 1013 2208 subesse
1035 2150 1141 2211 idonea
1166 2151 1239 2214 huic

111 2234 230 2294 arbitrio
246 2232 343 2299 debet,
359 2231 427 2309 quia
440 2230 524 2289 aliter
538 2246 648 2289 temere
662 2227 774 2306 quidvis
788 2247 841 2306 pro
862 2229 965 2306 quovis
978 2230 1115 2289 substitui
1128 2252 1234 2311 posset.

112 2315 158 2374 Ea
170 2313 247 2373 ratio
262 2311 371 2391 duplex
383 2322 436 2372 est.
467 2311 595 2368 Primum
608 2311 695 2382 euim,
706 2309 756 2389 qui
767 2310 843 2368 inter
856 2329 888 2369 se
895 2322 1098 2387 permutantur
1112 2317 1235 2384 numeri,

112 2413 219 2455 esras
243 2394 303 2453 sive
327 2393 456 2470 ejusdem
478 2411 620 2451 mensurae
640 2410 703 2450 esse
724 2402 850 2470 oportet,
871 2392 961 2450 veluti
975 2392 999 2449 si
1022 2412 1076 2470 pro
1089 2395 1176 2454 trium
1190 2396 1236 2456 vel

112 2496 217 2539 senum
239 2487 404 2555 temporum
418 2493 539 2533 numero
559 2472 631 2532 alius
654 2473 777 2533 totidem
798 2483 963 2551 temporum
982 2493 1120 2534 numerus
1133 2478 1240 2539 substi-

112 2558 214 2617 tuitur.
265 2556 343 2615 Nam
367 2574 456 2633 quum
478 2556 585 2633 cuique
612 2573 733 2614 numero
760 2573 813 2633 per
836 2573 1001 2615 mensuram
1028 2557 1110 2635 quasi
1136 2578 1240 2621 cursus

112 2639 240 2718 quidam,
255 2656 342 2716 quem
355 2655 495 2715 peragere
508 2636 623 2707 debeat,
644 2636 853 2695 determinatus
872 2637 918 2706 sit,
940 2650 1169 2698 cousentaneum
1182 2652 1238 2712 est,

112 2721 180 2779 siin
204 2722 268 2798 ejus
281 2717 393 2776 numeri
416 2717 514 2777 locum
534 2716 607 2776 alius
630 2717 763 2776 succedit
783 2737 929 2786 numerus,
953 2729 985 2776 ut
999 2717 1024 2776 is
1037 2718 1118 2777 illum
1132 2733 1238 2799 aequet.

113 2802 149 2860 In
164 2817 223 2880 qna
230 2819 265 2859 re
278 2799 441 2858 meminisse
449 2808 576 2877 oportet,
585 2797 692 2857 nullam
706 2798 848 2858 rationem
858 2799 957 2857 haberi
968 2819 1052 2878 posse
1063 2801 1239 2879 syllabarum

115 2882 285 2960 ancipitum,
299 2879 378 2960 quod
391 2880 447 2953 hae,
462 2880 505 2939 uti
519 2879 629 2939 dictum
644 2890 698 2953 est,
713 2880 792 2959 quod
804 2879 842 2939 ad
856 2899 1008 2939 numerum
1022 2882 1137 2956 attinet,
1151 2884 1239 2943 nullae

114 2979 189 3025 sunt.
240 2961 357 3022 Deinde
384 2973 492 3033 autem,
519 2961 545 3020 si
567 2961 655 3042 ipsius
682 2961 797 3021 numeri
824 2962 1084 3023 conformationem
1111 2976 1238 3043 spectes,

116 3062 256 3105 stultum
271 3043 406 3104 substitui
419 3061 573 3103 numerum
587 3061 706 3103 necesse
727 3054 779 3112 est,
796 3044 903 3122 quique
917 3063 977 3101 uon
997 3046 1181 3116 contrariam,
1203 3066 1240 3107 ac

115 3128 192 3206 prior
204 3126 264 3198 ille,
277 3127 333 3183 rim
347 3124 460 3195 babeat,
476 3124 529 3184 sed
541 3124 657 3184 modica
670 3145 737 3184 cum
752 3125 908 3184 amiatione
922 3124 999 3185 idem
1013 3125 1128 3187 efficere
1142 3128 1241 3191 videa·

117 3218 170 3270 llll.

153 3297 182 3352 2.
203 3289 413 3348 Permutantur
426 3298 525 3346 autem
539 3287 652 3347 numeri
665 3287 710 3346 his
724 3287 826 3344 modis.
862 3278 966 3346 'Primo
980 3307 1042 3347 run
1065 3308 1239 3352 aucarum·

119 3386 183 3442 nrm
209 3387 396 3429 taurosum
421 3386 713 3428 raanrroustrum.
755 3369 801 3426 Ita
824 3369 901 3426 enim
926 3369 1101 3449 explicanda
1124 3374 1238 3433 videtur

118 3450 327 3512 trochaicorum
341 3450 533 3529 quorumdam
547 3469 733 3510 numerorum
756 3449 883 3521 licentia,
899 3451 1069 3530 disyllabam
1083 3453 1178 3515 thesin
1192 3454 1238 3513 vel

121 3532 267 3593 macrusin
289 3551 343 3610 pro
356 3531 556 3610 monosyllaba
579 3530 805 3603 admittentium,
826 3550 891 3608 quae
914 3532 1033 3591 licentia
1057 3533 1241 3594 usitatissima

83 3664 87 3693 ·.
123 3617 201 3673 estin
224 3613 355 3672 versibus
368 3613 557 3671 comicorum.
601 3614 660 3678 Qui
673 3631 773 3672 versus
796 3611 932 3690 quoniam
946 3612 984 3670 ad
1005 3612 1166 3672 communis
1179 3634 1240 3674 ser.

124 3697 205 3756 mauu
218 3694 410 3753 imitationem
420 3694 491 3753 facti
500 3704 578 3765 suut,
593 3693 743 3772 dactylum
753 3705 841 3771 atque
855 3694 1031 3771 anapaestum
1046 3713 1099 3772 pro
1112 3696 1242 3757 trochaeo

125 3786 202 3855 atque
215 3776 312 3835 iambo
325 3775 479 3853 recipiunt.
520 3775 551 3833 le
564 3775 699 3854 dactylus
712 3773 758 3833 vel
781 3787 942 3852 anapaestus
956 3787 1056 3855 aperte
1077 3787 1241 3855 temporum

127 3872 250 3917 mensura
269 3856 362 3916 minor
386 3869 431 3914 est
451 3859 531 3933 justo
555 3856 673 3935 dactylo
688 3856 733 3914 vel
755 3865 911 3934 anapaesto,
936 3856 976 3915 ita
990 3868 1024 3916 ut
1045 3857 1242 3938 duaesyllabae

128 3934 218 3998 breves
231 3957 291 3996 uon
304 3937 362 3996 sint
377 3937 428 3995 uni
441 3937 536 4016 longae
549 3956 644 4016 pares,
665 3936 717 3996 sed
730 3937 826 4017 potius
840 3956 899 3995 non
913 3938 1037 3996 multum
1050 3939 1135 3999 unius
1148 3940 1245 4001 brevis

130 4033 281 4079 memmam
294 4018 450 4078 excedant.

83 4148 88 4181 ἶ
161 4105 188 4160 8.
209 4100 347 4160 Secundo
371 4109 574 4179 permutantur
593 4099 708 4158 numeri
721 4117 783 4160 aaa
806 4118 1016 4160 susurrorem
1032 4119 1156 4161 suasos
1179 4120 1242 4163 var.

130 4196 399 4241 murnncrrouuu
415 4199 570 4241 causaue.
612 4182 729 4243 Horum
749 4176 871 4242 alterum
887 4182 916 4240 iu
939 4182 1104 4254 trochaicis,
1119 4185 1244 4244 alterum

83 4330 86 4344 Ι
131 4258 154 4318 in
172 4262 323 4343 dactylicis
337 4263 464 4323 numeris
488 4262 552 4322 fieri
564 4264 647 4339 solet,
674 4283 764 4343 quum
785 4284 839 4341 pro
853 4263 982 4324 trocbaeo
997 4265 1170 4345 tribrachys,
1192 4286 1245 4346 pro

83 4388 86 4397 .
130 4339 234 4425 dactylo
247 4343 395 4425 spondeus
408 4344 543 4423 ponitur:
