2694 4866
119 274 169 335 ec·
235 316 238 321 .
292 272 295 277 ·
500 230 864 343 nra.11.cur'.,xv1.
961 300 963 306 -

112 436 290 583 {ethelegus}
297 436 512 582 est.3712.ectori
524 436 730 517 corrigendum
744 436 881 518 relinquit
895 455 1009 498 versum
1022 435 1158 523 inm&
1171 437 1248 522 apud

183 540 230 581 en.
293 540 342 599 .p.
419 563 427 580 .
1192 546 1194 551 .

195 633 351 720 sgawols'l'
369 633 432 702 idest
454 632 484 697 tir
506 635 641 712 ιιφομίιιυς
663 635 742 695 claua
763 638 826 711 ὃμοῧ
847 659 874 694 τι
888 632 998 718 pigeat,
1092 674 1097 687 .

115 750 166 809 nbi
180 751 210 809 in
225 751 347 811 Advers.
361 771 390 830 p.
406 755 475 814 109.
490 751 600 834 ὑςιχοῦς,
610 749 681 808 nihil
695 748 828 828 amplius,
843 746 1022 809 correxerat.
1051 749 1112 810 Sed
1124 750 1229 812 fortasse

34 846 37 851 ·
60 846 63 857 ’
115 832 254 910 anapesti
274 833 320 892 isti
334 832 364 889 in
379 843 483 911 quarto
509 832 584 910 pede
598 851 656 890 non
671 843 740 891 sunt
754 831 839 909 plane
854 831 1020 891 damnandi.
1065 832 1142 893 Nem
1155 851 1227 913 quum

116 913 199 974 locus
212 914 261 973 ille
275 934 334 973 non
348 915 385 972 sit
399 911 474 985 talis,
495 913 544 992 qui
566 924 744 992 anapaestum
766 932 883 991 prorsus
904 913 1053 986 excludat,
1076 924 1110 974 ut
1129 915 1228 974 ultimus

115 1015 170 1074 pes
182 996 315 1068 trimetri,
329 1014 432 1055 vereor
446 1015 483 1054 ne
497 995 618 1054 nimium
639 996 731 1055 severi
752 995 850 1067 simus,
870 995 905 1067 sl,
928 995 1008 1074 quod
1029 996 1126 1075 potuit
1146 1008 1228 1057 tamen

115 1077 187 1147 lieri,
198 1078 236 1136 ob
250 1079 327 1137 hanc
337 1077 427 1136 solam
439 1095 580 1147 caussam,
596 1079 665 1155 quia
675 1076 818 1136 rarissime
828 1077 940 1136 factum
952 1077 1095 1149 videmus,
1109 1097 1168 1138 non
1180 1094 1229 1138 esst

120 1161 238 1219 omnino
263 1160 375 1218 factum
390 1159 611 1219 contendamus.
655 1159 770 1218 Addam
784 1158 855 1218 huic
868 1158 1056 1238 disputationi
1070 1159 1166 1219 locum
1180 1158 1231 1220 Ple·

116 1242 193 1300 tonis
207 1243 243 1299 ab
260 1241 405 1300 Athenaeo
420 1240 450 1299 in
464 1239 605 1320 principio
620 1240 685 1300 libri
701 1240 768 1299 XV.
789 1261 818 1319 p.
843 1246 913 1304 665.
938 1241 974 1300 B.
999 1241 1035 1301 C.
1049 1241 1091 1301 D.
1115 1241 1229 1311 allatum,

116 1322 167 1399 qui
181 1334 212 1381 et
225 1333 402 1400 anapaestum
417 1322 447 1380 in
462 1333 564 1401 quarta
578 1322 657 1394 sede,
674 1333 704 1381 et
720 1321 792 1380 duos
808 1321 952 1402 spondeos¹
978 1322 1008 1380 in
1032 1322 1150 1402 paribus
1170 1320 1228 1380 locis

115 1402 225 1465 habet:
246 1404 295 1484 qui
310 1415 343 1462 ut
356 1415 457 1482 aperte
471 1403 565 1462 vitiosi
580 1415 659 1476 sunt,
681 1404 721 1463 ita
744 1415 908 1482 anapaestus
922 1422 1040 1483 quoque
1054 1402 1227 1463 removendus

116 1503 156 1544 ex
169 1485 225 1544 ista
238 1486 307 1545 sede
319 1485 447 1546 videtur.
486 1486 620 1563 Recepta
633 1487 664 1544 in
677 1487 765 1545 tertio
779 1505 865 1547 versu
884 1485 1090 1547 emendatione
1103 1482 1226 1556 Jacobsii,

115 1565 227 1647 reliqua
240 1567 358 1626 videant
371 1567 419 1626 alii
432 1587 470 1627 an
483 1567 526 1626 sic
539 1567 602 1626 fere
617 1567 824 1628 constituenda
837 1567 913 1628 sint:
1111 1567 1113 1571 ’

197 1682 291 1784 ’ἶένδςες
306 1681 488 1748 >adtaminare
501 1681 546 1753 iste
561 1680 649 1760 exedat
663 1681 785 1750 r‘t‘xrtrstt.
806 1682 874 1757 εὖγε,

194 1766 222 1870 τί
234 1793 263 1827 tv
278 1768 370 1866 sgixorr
384 1766 416 1825 ori
429 1765 621 1869 τξιςΙτςαπίζκς
635 1766 738 1906 ’dedisset
746 1797 754 1836 i
779 1767 829 1839 dyo)
843 1764 870 1825 >l

132 1928 161 1945 ΔΗ
196 1872 291 1988 νιπτςν
306 1871 422 1948 ξαςιχυν
436 1871 591 1948 essentitas.
610 1874 684 1920 new

714 1850 723 1906 i
737 1849 927 1930 negaverim.

198 1955 258 1988 mr
275 1931 304 1994 rit
319 1953 405 1988 eastra
418 1953 565 2012 ποιςοιχεας,
579 1935 618 1988 sir
633 1929 757 1999 adcredat
772 1931 893 2009 tragor'w.

130 2018 134 2026 “
195 2008 319 2092 effredi
332 2010 388 2076 τοὺς
402 2010 498 2077 αὐλοὺς
513 2012 583 2093 imit
597 2009 642 2079 dl»,
658 2017 705 2094 aegi
719 2017 800 2092 χιιςὶς
815 2007 883 2077 εἶναι,

193 2098 239 2152 ml
253 2096 464 2174 πςοσανωφυσᾷν.
483 2097 510 2152 τὶ
524 2093 600 2192 μῦςον
614 2091 659 2162 ἤδη
673 2093 802 2173 ταρίχιον
823 2089 945 2169 βαδίζων,

196 2174 347 2247 Αὶγῦπτιον,
358 2171 419 2255 κᾷτ’
434 2173 513 2256 igeret·
532 2189 649 2248 moeror
664 2172 688 2234 δ’
702 2171 780 2233 ’ἔπειθ’
793 2173 889 2252 haltra

196 2253 267 2319 doira
280 2255 353 2338 Piger
367 2260 413 2316 riis
428 2259 575 2334 ξυμποτὸν.
596 2255 716 2338 retegere!
729 2281 766 2321 τις
781 2255 894 2314 vesstra.

195 2341 241 2397 arri
255 2335 284 2400 lt
303 2339 434 2419 ningeret.
447 2337 520 2418 κᾷτα
533 2343 573 2397 cir
586 2344 724 2407 λιβανυτὶι
738 2338 835 2406 ἔπαθες,
849 2334 914 2410 tim,

198 2425 249 2477 soii
262 2415 285 2475 θ’
298 2419 354 2494 sitris
369 2416 413 2486 ἤδη
425 2419 524 2492 vietur,
547 2423 592 2478 arti
606 2419 709 2484 πίνοντές
723 2424 768 2478 tior
783 2418 872 2501 πᾶῥρυ·

196 2504 241 2557 zei
256 2497 351 2557 sedator
365 2494 451 2580 ᾖσται,
471 2500 598 2569 ιδπαβος
618 2497 640 2559 δ’
662 2500 784 2577 ἱξοίχιται
797 2498 906 2583 θύςαζσ.

197 2581 290 2644 αὐλοὺς
305 2576 326 2638 d'
340 2577 439 2658 ἵχουσᾶ
452 2607 488 2648 τις
501 2583 602 2662 κοςίσκη
617 2587 725 2662 Kaegaeb
745 2580 821 2658 μίλος
835 2608 861 2640 τι

195 2661 328 2739 μελίζεται
347 2667 398 2727 τοῖς
413 2662 566 2740 ξυμπδτιιις9
585 2663 687 2727 κᾶλλην
700 2664 813 2744 sgt'yatttr
828 2660 891 2723 ullor

196 2739 312 2821 ἔχουσαν,
329 2741 373 2803 εἶτ’
391 2738 444 2824 ᾖδεν
467 2750 530 2826 argis
551 2743 615 2806 ariri
636 2743 711 2822 μέλος
730 2743 834 2803 'letands
848 2770 886 2804 τι.

114 2857 152 2914 In
165 2857 288 2935 septimo
302 2858 386 2936 pede,
403 2857 463 2936 qui,
477 2868 511 2916 ut
525 2857 555 2915 in
569 2858 627 2918 fine
641 2858 765 2930 numeri,
780 2861 918 2936 majorem
930 2875 1031 2917 curam
1044 2856 1174 2938 requirit,
1183 2870 1231 2916 nou

117 2948 192 3022 puto
203 2949 392 3017 anapaestum,
413 2938 468 2996 nisi
481 2939 512 2997 in
525 2940 643 2999 nomine
656 2940 785 3019 proprio,
799 2940 956 2999 admissum
971 2959 1044 3002 esse.

156 3025 188 3079 4.
207 3019 332 3078 Dicatur
345 3038 425 3078 nunc
439 3018 476 3078 de
490 3020 612 3080 Latinis.
655 3024 702 3080 Ac
725 3021 819 3080 Varro
841 3021 920 3080 hunc
941 3039 1056 3081 versum
1071 3022 1108 3080 ab
1123 3034 1233 3080 numero
1260 3072 1269 3081 .

116 3099 236 3178 pedum,
248 3120 320 3179 quos
329 3101 457 3179 integros
466 3100 566 3174 habet,
582 3117 818 3162 snernusnrunr
830 3103 955 3175 vocavit,
965 3102 1090 3162 testibus
1099 3099 1232 3162 Diomede
1267 3102 1269 3111 '

112 3201 146 3260 p.
157 3186 227 3244 514.
247 3193 277 3241 et
293 3181 399 3241 Rufino
420 3203 448 3260 p.
462 3185 554 3246 2706.
566 3184 760 3263 eumdemque
780 3202 932 3244 conrrcnnr
958 3202 1182 3256 annonarum,
1202 3187 1230 3238 ut

113 3262 193 3322 idem
209 3264 332 3322 Rufinus
345 3285 374 3343 p.
389 3266 479 3330 2707.
489 3265 589 3325 refert.
630 3267 678 3326 Ex
693 3284 751 3344 quo
761 3265 914 3327 verisimile
927 3276 982 3336 est,
993 3266 1168 3327 neLatinos
1179 3259 1231 3343 qui·

114 3343 183 3404 dem
196 3346 323 3424 tragicos
336 3345 395 3405 hoc
408 3366 492 3405 versu
507 3366 574 3406 usos
588 3367 664 3407 esse:
678 3348 766 3426 idque
781 3348 953 3407 confirmare
966 3347 1131 3427 fragmenta
1144 3346 1232 3406 viden·

53 3461 56 3464 ·
113 3439 174 3489 tur.
214 3426 299 3506 Saepe
321 3447 390 3486 vero
414 3427 558 3487 invenitur
579 3429 657 3507 apud
678 3429 815 3500 comicos,
838 3429 1009 3509 plerumque
1030 3449 1083 3508 per
1113 3429 1232 3508 integra
1263 3454 1269 3465 ·

115 3528 219 3569 scenas
236 3509 433 3582 continuatus,
449 3509 540 3568 rarius
555 3510 616 3568 aliis
630 3511 738 3570 mixtus
753 3512 893 3571 versibus.
1263 3516 1269 3573 “.

152 3599 183 3654 6.
204 3590 265 3651 Sed
287 3591 455 3671 priusquam
477 3591 515 3651 de
538 3591 671 3670 pedibus,
699 3592 803 3669 quibus
827 3592 871 3651 usi
895 3603 964 3652 sunt
984 3591 1094 3666 Latini,
1115 3591 1232 3661 dicatur,
1257 3602 1269 3659 ’ζ

111 3674 290 3733 monendum
314 3687 370 3746 est,
391 3693 441 3733 eos
455 3674 534 3732 hunc
548 3692 663 3732 versum
677 3674 800 3733 voluisse
814 3685 1014 3754 asynartetum
1029 3693 1104 3735 esse.
1144 3677 1237 3751 Quae
1260 3670 1269 3737 l

111 3752 144 3811 in
157 3773 277 3826 caesura,
298 3774 386 3834 quam
398 3756 461 3815 fere
477 3755 655 3834 diligentius,
676 3775 764 3835 quam
778 3755 877 3814 Graeci
891 3757 1057 3828 observant,
1078 3767 1109 3816 et
1123 3757 1236 3824 brevem
1262 3740 1269 3765 ¹

112 3833 250 3912 syllabam
272 3848 303 3895 et
322 3837 434 3907 hiatum
448 3837 600 3911 admisere,
614 3838 676 3910 sed,
692 3857 778 3916 quam
798 3837 873 3896 libro
887 3838 913 3896 l.
936 3856 1001 3917 cap.
1015 3843 1045 3908 6,
1067 3843 1097 3900 3.
1110 3849 1236 3897 natnrsn

113 3933 176 3974 esse
199 3928 431 3996 asynartetorum
455 3917 654 3990 indicavimus,
677 3931 709 3978 ut
730 3917 896 3998 promiscue
911 3918 998 3998 etiam
1013 3921 1160 3994 sordeam,
1180 3934 1236 3999 qua
1265 3978 1269 3995 ¹

59 4013 61 4019 ¹
91 4008 244 4070 secatur,
265 3999 446 4059 adhiberent.
488 3999 537 4070 Et,
560 4000 614 4059 nisi
628 4000 722 4071 fallor,
734 4003 795 4079 jam
812 4002 906 4061 Varro
920 4011 1104 4080 asynartetos
1118 4000 1237 4062 essehos
1266 4016 1269 4063 J

111 4098 211 4149 versus
235 4080 385 4154 docuerat,
406 4080 444 4139 de
468 4100 526 4158 quo
551 4080 674 4140 Rufinus
696 4103 730 4160 p..
746 4086 836 4145 2706.
856 4083 898 4144 ita
911 4082 1026 4142 scribit:
1048 4092 1069 4122 “
1084 4081 1239 4144 Diomedes
1265 4114 1269 4145 τ

114 4171 134 4201 “
147 4160 203 4219 sic:
224 4163 418 4239 septenarium
431 4181 546 4220 versum
562 4161 655 4221 Varro
670 4163 731 4222 fieri
745 4163 817 4223 dicit
831 4165 888 4224 hoc
902 4165 1001 4237 modo,
1017 4182 1108 4244 quum
1122 4165 1162 4226 ad
1175 4165 1238 4226 iam·
1267 4222 1269 4227 .

114 4253 136 4284 ⁴⁰
149 4243 218 4300 bum
234 4243 397 4321 trisyllabus
410 4263 463 4323 pes
476 4242 603 4316 additur,
625 4256 654 4304 et
668 4245 702 4303 fit
715 4243 783 4318 tale,
1250 4260 1255 4267 ·

181 4365 199 4392 “
211 4362 275 4434 quid
285 4363 483 4419 immerentibus
495 4362 595 4418 noces?
613 4364 677 4436 quid
689 4363 912 4424 invidesnnieis?

111 4476 135 4509 ‘⁶
152 4467 290 4530 Similiter
304 4468 335 4528 in
350 4468 488 4530 Terentio
501 4487 600 4528 versus
611 4481 666 4542 est,
