2694 4866
452 735 818 846 ‚Lrnnnrn

250 975 305 1028 DE
329 976 492 1030 METRIS
517 978 675 1031 MIXTIS
699 981 753 1032 ET
778 973 1047 1032 COMPOSITIS·

488 1258 810 1317 ,εξ-..ἐξ

557 1489 671 1566 CAP.
699 1490 730 1562 Ι.

134 1717 181 1766 DE
207 1716 418 1767 GENERIBUS
444 1717 657 1767 METRORUM
683 1714 889 1766 MIXTORUM
916 1716 964 1765 ET
991 1716 1167 1766 COMPOSI·

573 1815 716 1866 TORUM·

89 2018 126 2076 1.
145 2000 376 2082 Postremum
387 2020 414 2077 in
424 2020 608 2098 praecedente
616 2021 689 2079 libro
701 2020 737 2079 de
748 2019 846 2078 metris
854 2018 1030 2095 simplicibus
1044 2017 1210 2098 expositum

89 2112 148 2169 est,
163 2119 240 2159 nunc
255 2101 292 2159 ad
306 2102 354 2159 illa
370 2115 463 2161 metra
483 2103 691 2179 progredimur,
712 2102 740 2158 in
762 2101 865 2179 quibus
888 2098 983 2176 plures
1004 2101 1118 2159 numeri
1139 2117 1209 2157 con-

89 2173 184 2249 iuncti
197 2193 274 2242 suut.
315 2182 458 2240 Eurndem
472 2182 602 2240 ordinem
616 2194 754 2260 sequutus
769 2194 813 2239 est
829 2181 1008 2258 Hephaestio,
1029 2182 1079 2260 qui
1097 2199 1149 2259 pro
1163 2179 1209 2237 in-

89 2263 196 2322 stituto
210 2263 462 2340 grammaticorum
476 2263 532 2321 alia
545 2264 656 2322 ratione
671 2283 748 2334 usus,
761 2262 855 2339 primo
868 2266 946 2339 μιξιις
960 2263 1018 2323 κατ’
1033 2261 1210 2330 ἀντιπάθειαι,

89 2355 165 2416 quas
188 2344 228 2401 illi
250 2355 363 2415 vocant,
387 2345 491 2403 deinde
513 2364 611 2402 versus
635 2356 825 2423 asynartetos,
848 2355 909 2404 tum
925 2342 1208 2422 polyschematistou

89 2432 238 2493 postremo
252 2425 433 2505 stropharum
449 2425 677 2502 comparationes
691 2435 849 2488 enumerat.
890 2426 957 2487 Qua
971 2425 1000 2482 iu
1015 2445 1046 2485 re
1067 2423 1138 2482 nihil
1157 2433 1213 2493 est,
1272 2470 1275 2475 .
1306 2486 1310 2495 ,

89 2507 174 2578 quod
193 2506 364 2583 reprehendi
385 2507 482 2584 possit,
504 2507 527 2563 si
551 2507 614 2583 quis
638 2526 675 2566 ex
701 2506 955 2583 grammaticorum
979 2506 1113 2565 doctrina
1136 2504 1213 2563 hano

89 2587 275 2655 partitionem
286 2586 408 2665 judicet.
451 2591 524 2653 Quae
538 2587 582 2645 his
603 2587 747 2648 accedunt
768 2599 859 2645 metra
879 2589 1056 2664 συγκεχυμὶυα
1076 2601 1107 2646 et
1127 2594 1213 2662 ἁπιμ·

89 2672 221 2737 φαίνοντα,
236 2680 462 2728 commemorata
475 2668 512 2727 ab
530 2669 656 2726 Aristide
671 2667 850 2732 Quintiliano
863 2688 891 2744 p·
906 2671 955 2729 57.
972 2667 1127 2742 scholiasta
1148 2668 1212 2725 He-

89 2746 259 2819 »bernonis
272 2769 301 2827 p.
311 2755 365 2812 61.
382 2748 474 2830 (104)
493 2761 523 2808 et
538 2748 633 2808 Mario
648 2748 799 2807 Victorino
813 2770 843 2826 p.
857 2751 946 2810 2553.
960 2767 1021 2827 seq.
1036 2769 1094 2808 non
1105 2767 1213 2807 acom«

116 2900 119 2905 Ι
146 2829 242 2891 'tionis
256 2829 431 2900 diversitate,
446 2830 498 2890 sed
513 2831 550 2888 ab
563 2830 687 2888 licentiis
705 2830 876 2906 quibusdam
898 2848 1004 2888 nomen
1025 2840 1213 2908 acceperunt.

116 2924 170 2975 unt
184 2923 281 2971 autem
296 2914 480 2989 συγκεχυμένα,
497 2930 619 2988 quorum
634 2912 693 2970 veri
707 2911 819 2969 numeri
832 2922 950 2990 propter
971 2912 1130 2971 solutiones
1142 2930 1212 2970 con·

89 2992 307 3071 motionesque
331 2993 458 3070 ambigui
479 3004 561 3060 sunt;
580 2994 771 3071 impostores
792 3004 901 3062 autem,
921 2992 949 3048 in
972 2994 1076 3070 quibos
1096 2993 1214 3052 nomina

89 3056 268 3137 inevitabilia
280 3073 375 3145 aliem,
390 3093 476 3152 quam
491 3093 543 3152 pro
563 3093 631 3132 vera
651 3074 824 3152 syllabarum
845 3086 957 3141 natura,
978 3093 1142 3133 mensuram
1162 3075 1215 3133 ha·

89 3140 174 3216 hent.
215 3153 306 3217 Nobis
321 3155 448 3233 quidem,
463 3156 511 3233 qui
526 3155 619 3225 aliter,
634 3174 719 3233 quam
733 3156 924 3231 grammatici,
937 3152 974 3212 de
989 3166 1091 3213 natura
1111 3174 1214 3213 nume·

94 3242 195 3297 Porum
208 3248 240 3295 et
253 3236 483 3296 conformatione
497 3237 645 3307 sentimus,
660 3248 690 3294 et
715 3235 852 3293 divisione
877 3236 942 3305 alia,
962 3247 992 3294 et
1013 3237 1137 3313 portiom
1157 3237 1215 3295 alio

94 3316 194 3375 ordine
217 3337 289 3395 opus
314 3329 367 3375 est.
409 3318 484 3376 Nam
509 3337 579 3395 quas
604 3317 643 3374 illi
667 3320 743 3393 μιῖεις
767 3318 826 3376 κατ’
850 3318 1015 3377 irrrxdbnar
1039 3332 1155 3389 vocant,
1183 3319 1214 3378 in

97 3398 197 3469 quibus
210 3398 312 3456 volunt
332 3399 491 3457 contrarios
512 3417 657 3470 numeros,
679 3409 712 3456 ut
732 3397 870 3456 iambicos
891 3410 920 3456 et
941 3398 1117 3468 trochaicoS,
1142 3416 1213 3457 con.

99 3470 209 3553 iunctos
223 3499 295 3549 esse,
311 3499 353 3538 eae
367 3499 500 3558 magnam
514 3494 625 3557 partem
641 3499 678 3538 ex
699 3478 800 3537 iisdem
821 3481 947 3538 numeris
968 3491 1111 3549 constant,
1132 3479 1213 3536 visae.

89 3569 152 3643 -flue
165 3571 279 3619 tantum
293 3572 361 3618 sunt
375 3561 534 3619 contrarios
548 3561 708 3631 continere,
723 3561 861 3638 quianon
876 3562 904 3617 in
927 3561 1042 3619 ordines
1062 3578 1139 3632 suosr,
1160 3559 1214 3618 sed

104 3646 130 3693 tn
145 3653 280 3718 quattuor
299 3641 474 3720 syllabarum
495 3641 625 3719 dipodius
645 3641 857 3700 dividebantur.
899 3647 1140 3721 Asynartetorum
1162 3661 1214 3699 au·
1245 3717 1248 3720 ῃ

108 3721 165 3789 lem,
179 3724 282 3803 quibus
292 3727 358 3802 jure
372 3723 429 3787 hoc
445 3743 549 3783 nomen
564 3723 651 3781 tribui
666 3723 764 3801 possit,
780 3723 872 3783 multo
891 3726 994 3794 minor,
1016 3742 1099 3802 quam
1122 3723 1215 3784 visum

110 3789 152 3859 llis
171 3816 225 3873 est,
246 3804 331 3882 copia
351 3815 456 3863 exstat.
501 3804 566 3862 Nec
586 3804 712 3882 denique
733 3803 769 3862 de
790 3804 1051 3882 polyschematistis
1073 3804 1152 3861 omni
1176 3823 1215 3877 ex

89 3938 93 3953 ,
109 3892 176 3953 pute
190 3896 271 3943 recte
282 3885 459 3962 judicarunt,
476 3898 508 3943 ut
522 3885 551 3941 in
567 3886 897 3962 quibusnumeraverint
913 3901 1005 3946 metra
1026 3884 1167 3962 quaedam,
1185 3885 1215 3943 in
1240 3950 1248 3971 Ι
1272 3910 1275 3915 ·

111 3963 198 4037 quibus
213 3966 292 4023 nulla
305 3965 451 4024 invenitur
465 3967 640 4024 diversarum
653 3967 810 4023 formarum
826 3969 1023 4026 commutatio.

89 4088 93 4105 .
139 4049 165 4105 2.
179 4046 275 4125 Ipsam
289 4066 474 4105 numerorum
489 4059 620 4106 naturam
635 4048 657 4106 si
672 4060 846 4125 spectamus,
862 4062 967 4126 praeter
982 4065 1153 4105 srmrntcns
1164 4068 1218 4108 nu·

89 4140 189 4207 pueros
202 4128 263 4187 duo
279 4128 335 4186 alie
349 4128 508 4186 invenimus
523 4144 639 4207 genera
662 4147 783 4204 quorum
805 4128 925 4187 alterum
949 4147 1079 4187 Miseros,
1095 4128 1218 4187 alterum
1317 4190 1320 4195 ,

89 4212 289 4271 'eoueostaos
304 4228 441 4294 numeros
455 4212 595 4271 continet.
636 4211 768 4273 erros
783 4229 866 4283 voco,
877 4212 925 4290 qui
936 4231 974 4272 ex
989 4209 1107 4271 diversis
1117 4230 1218 4270 nume·
