2694 4866
317 261 375 324 nn
398 258 584 327 nunnae
604 244 932 327 'aversansnco
1134 269 1192 329 145

137 466 198 543 μὲνιι
212 493 249 527 rot
264 472 333 534 Ζηνὸς
348 468 446 528 ἱκταίου
458 467 540 540 eim,
640 493 643 499 ·

89 589 144 639 tem
167 602 226 642 non
250 583 341 659 ausim
363 595 487 654 mutare,
509 593 543 643 ut
563 576 654 642 visum
676 591 721 641 est
742 583 873 644 Seidlero
893 605 923 665 p.
940 589 1006 648 loa.
1023 605 1114 665 quum
1133 585 1191 646 ista

89 658 217 723 ntorum
232 663 403 742 compositio
416 664 501 724 valde
515 663 620 724 usitata
633 664 671 724 sit
684 664 815 743 tragicis:
837 666 875 725 de
895 687 954 747 qua
974 686 1005 727 re
1025 667 1124 727 statim
1144 662 1200 726 di.'

89 747 151 803 etur.
420 779 423 785 ·
702 778 704 783 ·
817 802 820 809 ,

110 828 149 884 14.
171 827 246 886 Nam
261 827 291 884 hi
313 827 371 886 duo
392 828 535 900 versiculi,
556 827 697 887 iambicus
718 842 901 890 monometer
923 830 1200 910 hypercatalectua'·

90 909 100 958 t
112 905 227 967 dimeter
241 909 381 967 iambicus
394 909 666 990 brachycatalectus
680 909 721 970 ita
734 910 1051 990 misceri‘antispasticis
1062 911 1191 971 numeris

89 983 161 1061 nient,
183 1001 215 1048 ut
230 990 305 1049 inter
318 989 372 1048 hos
387 991 531 1070 propriam
545 991 599 1051 sibi
613 989 712 1050 sedem
725 991 833 1051 babere
857 991 1018 1052 videantur.
1061 993 1198 1072 Compo·'

91 1081 166 1129 untur
179 1082 277 1130 autern
292 1090 350 1131 non
364 1072 540 1131 solum'cum
561 1072 729 1151 antispasto,
751 1083 784 1132 ut
804 1072 892 1132 modo
915 1075 1047 1145 vidinrus,
1069 1084 1099 1132 et
1120 1088 1194 1132 cum

91 1151 207 1224 ochmio,
230 1156 313 1231 cujus
328 1153 446 1212 rationis
467 1154 602 1233 exempla
623 1154 697 1214 infra
713 1153 875 1226 afferemus,
896 1156 949 1214 sed
974 1175 1075 1214 secum
1101 1154 1193 1214 etiam

89 1232 125 1306 tsi,
144 1244 173 1292 et
201 1234 320 1312 quidem
333 1234 382 1305 ita,
413 1246 445 1293 ut
465 1247 648 1296 monometer
667 1237 721 1296 iste
745 1248 797 1295 aut
809 1236 942 1309 iteretur,
963 1247 1014 1295 aut
1035 1235 1192 1295 antecedat

89 1311 223 1374 metrum.
266 1316 412 1374 Praeterea
431 1328 555 1395 utraque
578 1335 645 1395 pars
666 1319 752 1376 etiarn
766 1317 852 1376 aliam
865 1317 1099 1389 habetformam‚
1124 1333 1192 1394 qnae

89 1395 153 1455 osita
166 1407 211 1455 est
232 1396 262 1454 in
282 1397 470 1457 adsciscendo
492 1398 635 1477 disyllaba
657 1397 800 1459 anacrusi.
842 1399 932 1461 Unde
954 1419 1019 1480 quae
1041 1399 1190 1480 prodeunt

89 1477 291 1557 oppositiones,
313 1478 398 1537 exiis
410 1479 462 1538 bas
476 1479 657 1559 potissimum
672 1479 840 1542 observavit

141 1615 635 1699 1.υ.’-υ-.-Ιυ.’-υ-...

138 1736 166 1793 2·
187 1731 668 1816 vussu--ivs-v-..

139 1853 166 1909 3.
187 1849 660 1934 υζυ--Ιυυ-’.υ--.

139 1970 167 2024 s.
187 1964 667 2049 ..’..,.-ι..’.......

140 2085 169 2142 5ο
188 2079 698 2164 vLu--iuussu-u...

89 2207 192 2274 inarum
207 2233 261 2285 eae,
283 2233 348 2292 quae
363 2213 533 2293 disyllabam
547 2213 701 2274 anacrusin
722 2213 842 2288 babent,
862 2232 922 2273 non
935 2213 1070 2274 videntur
1089 2213 1119 2297 in
1139 2232 1191 2275 an·

89 2289 236 2373 istropbicis
258 2295 434 2374 respondere
458 2296 543 2374 po'sse
566 2295 633 2367 illis,
655 2295 684 2352 in
706 2295 810 2374 quibus
830 2296 1030 2374 monosyllaba
1043 2295 1191 2355 anacrusis
1276 2316 1278 2327 ·

89 2383 119 2433 st,
157 2376 233 2434 Nam
248 2376 492 2455 quemadmodum
507 2376 706 2457 monosyllaba
720 2377 866 2435 anacrusis
881 2377 994 2455 ingenti
1008 2377 1038 2435 in
1058 2377 1191 2436 multitu·

89 2449 131 2514 tine
143 2458 343 2535 exemplorum
358 2458 587 2536 monosyllabam
601 2470 716 2517 tanturn
730 2458 884 2516 anacrusin
905 2459 1067 2537 oppositam
1087 2458 1187 2529 babet,

89 2537 145 2595 trin
158 2538 259 2617 paucis
272 2539 328 2598 illis
341 2539 424 2611 locis„
445 2539 476 2595 in
490 2539 594 2619 quibus
604 2539 745 2619 disyllaba
755 2539 902 2598 anacrusis
923 2549 978 2611 est,
1000 2539 1088 2598 etiam
1111 2537 1190 2598 anti-

89 2619 178 2698 tropba
188 2620 262 2678 duas
272 2620 395 2700 syilabas
404 2620 508 2679 habete
519 2620 596 2692 vide,
605 2621 674 2680 utin
686 2620 827 2700 AEschylo
836 2620 1001 2690 consistam,
1014 2622 1094 2680 Pers.
1105 2624 1193 2680 1023.

89 2697 169 2775 igam.
183 2705 255 2771 234,
270 2701 504 2780 cnirespondent
514 2703 613 2774 verba,
628 2712 770 2781 quaesunt
780 2722 807 2760 v.
822 2703 891 2762 244.
904 2721 928 2761 s.
944 2701 1044 2782 Suppl.
1059 2703 1128 2764 537.
1140 2699 1192 2759 ubi

89 2782 286 2862 tantistropha
299 2804 327 2842 v.
340 2789 411 2844 544.
425 2786 514 2863 pob'ta
527 2784 693 2862 scripserat,

140 2907 210 2972 γενοῦ
222 2899 408 2982 roi-operirem,
431 2899 544 2982 ἐφέντος
557 2899 631 2966 Ἰοῢς.
721 2941 726 2948 ·

89 3006 111 3068 it
120 3032 144 3071 v.
159 3016 228 3078 790.
243 3014 348 3093 Itaque
361 3013 488 3093 suspicio
502 3026 557 3085 est,
578 3013 671 3074 sicubi
681 3014 823 3095 disyllaba
832 3015 979 3075 anacrusis
987 3014 1195 3093 monosyllaba

89 3095 244 3170 repondeat,
259 3095 434 3171 alternarum·
440 3115 555 3155 versum
565 3108 740 3181 *corruptum
753 3116 826 3158 esse.
844 3098 908 3156 ‘Ita
918 3097 948 3155 in
962 3096 1095 3176 AEscbyli
1110 3096 1193 3176 Sept.

89 3169 164 3234 thh.
176 3182 246 3241 352·
260 3181 328 3238 364.
417 3227 422 3236 ,

143 3300 200 3356 mi
214 3295 307 3356 mitto
322 3294 346 3355 δ’
359 3297 455 3398 iporiam
466 3290 607 3379 πυςγὸτιξ.

144 3375 259 3454 χαμάδις
269 3380 347 3438 metir
360 3379 465 3452 eapite
475 3383 596 3461 cogitat.

89 3477 120 3540 lbi
128 3488 208 3567 χιμάὶ
222 3491 367 3552 dederunt
381 3493 526 3553 Burneius
546 3504 583 3553 et*
598 3491 811 3561 Blomfieldius‚
833 3490 914 3551 libris
928 3491 1062 3550 omnibus
1086 3487 1192 3549 invitis.

90 3557 137 3624 Nisi
147 3573 328 3634 vehementer
341 3575 436 3648 fallor,
457 3574 622 3634 dochmiaci
636 3585 704 3633 sunt
717 3593 817 3633 versus
832 3573 893 3645 isti,
912 3572 943 3629 in
957 3572 1061 3651 quibus
1075 3570 1098 3629 si
1109 3571 1193 3641 ariao,

94 3657 139 3718 ‘111ae
149 3650 307 3734 interpretis
320 3676 378 3715 vox
392 3670 448 3730 est,
469 3656 621 3730 deleveris,
631 3665 781 3744 accurate
795 3655 893 3714 omnia
907 3653 1139 3733 respondebunt:

151 3780 293 3856 ztgaogvpaei
307 3772 377 3834 d’oir'
391 3756 470 3835 circa·
486 3761 560 3856 argiri
574 3760 596 3833 d’
610 3775 705 3856 igetius
720 3759 859 3854 cromdon-

153 3853 303 3923 renotat,
317 3854 343 3916 di
356 3862 454 3939 sagari,
468 3854 588 3935 χαμάδις
602 3856 680 3916 πισὸν
700 3855 819 3927 timim.

105 3957 279 4044 ssrirrpraebuit
293 3971 360 4032 cod.
374 3971 475 4032 Guelf.
516 3966 857 4050 InPers.1022·1033.
952 3986 957 4003 “·

157 4082 179 4138 vi
187 4082 215 4155 d,
230 4093 274 4149 οὐκ
287 4085 381 4148 ἀ’λυλιν
393 4088 504 4166 μεγάλα
518 4091 554 4148 rai
569 4092 681 4171 Πιςσῦνς

158 4167 271 4240 *terrim
284 4169 441 4253 variegatos
455 4169 621 4253 igniripcbor.
668 4206 670 4211 ·
770 4218 773 4225 ⁴
1170 4231 1173 4257 :

108 4251 258 4352 Hic<laidem
272 4287 337 4369 quis
347 4285 493 4354 dubitabit
506 4305 650 4370 reponere
663 4285 808 4369 pipinus?
828 4283 865 4348 In
879 4283 987 4365 Adam·
1001 4283 1071 4346 205·
1086 4281 1156 4342 2¹⁸·

613 4400 642 4459 T
