2694 4866
108 237 149 298 00
394 245 400 253 ’
487 235 569 300 LIB.
587 236 629 299 11.
652 236 745 308 CAP.
766 234 850 299 XVI.

187 437 236 496 sed
246 435 438 498 Pdrmenonam
450 441 623 499 anta‘dstium
634 441 678 499 hie
687 440 798 501 iudidio
810 441 913 502 tristam
926 438 1017 504 video.

122 543 229 625 Neque
242 544 274 603 in
287 545 365 607 Hec.
382 545 420 607 V.
427 553 460 620 1,
477 552 523 609 tu.
538 547 696 628 quidquam
710 547 882 611 mutandum
895 558 973 609 erat:

192 673 233 718 est
239 663 333 736 mdgna
344 674 447 744 ecastor
458 664 553 738 gratia
569 665 604 721 de
614 662 683 721 iuteo
694 682 724 721 re
735 682 816 738 quam
829 664 876 721 tibi
888 663 1009 720 hdbeam.

123 762 269 824 Ceterum
287 765 374 847 facile
391 779 524 848 apparet,
544 767 575 827 in
594 767 694 849 primis
714 767 745 826 in
759 766 924 839 nominibus
938 763 1062 857 propriis
1076 764 1166 827 Teren

121 843 177 904 ista
189 846 282 908 forma
295 868 379 908 usum
393 868 466 910 esse.
833 844 837 852 ’

161 933 190 990 6.
213 929 264 989 Ad
286 950 451 990 mensuram
476 930 556 1011 quod
575 931 692 1004 attinet,
712 949 772 989 non
794 949 867 1010 opus
887 941 942 998 est,
964 938 997 988 ut
1017 940 1166 990 moneant]

120 1009 283 1088 spondeum
298 1011 327 1069 in
341 1012 458 1090 paribm
471 1013 543 1073 locis
556 1013 658 1093 recipi,
679 1023 710 1074 et
729 1022 908 1093 anapestum
929 1029 983 1092 pro
1001 1010 1101 1078 iambo
1123 1028 1166 1091 pot

120 1090 253 1188 inveniri,
275 1104 316 1165 et,
338 1112 374 1153 aa
394 1095 515 1190 ratiope,
537 1114 625 1174 quam
642 1094 677 1189 in
700 1095 833 1189 trimetro
855 1092 1060 1188 explicuimus,
1084 1111 1166 1188 proce

120 1176 1166 1325 ttliltltllltl‘tltltltltltllttllttllllffi

125 1340 308 1416 Quamquam
323 1337 352 1396 in
368 1339 425 1398 hoc
438 1358 538 1401 versus
551 1358 661 1421 genere
673 1338 736 1400 fere
750 1342 842 1421 major
864 1338 1017 1418 elegantia,
1040 1355 1130 1431 quam
1149 1337 1166 1396 ir

125 1419 246 1480 tonariis
255 1420 410 1489 invenitur,
421 1422 501 1501 quod
510 1420 697 1500 oequabilitati
709 1420 843 1499 debetur,
858 1439 945 1500 quam
956 1438 1075 1499 caesurm
1091 1418 1166 1480 obser

124 1499 216 1586 affert·
258 1501 317 1562 Sed
336 1501 373 1561 de
395 1502 510 1569 duobus
529 1515 629 1570 tameo
642 1502 714 1571 locis
727 1503 885 1574 doenum
898 1499 1074 1576 detinentes,
1096 1500 1166 1581 deu

118 1581 209 1662 pede,
230 1593 261 1642 et
275 1583 313 1644 de
326 1584 460 1662 septimo.
798 1614 801 1619 ’

164 1667 193 1728 7.
215 1662 255 1723 Et
274 1665 305 1723 in
325 1676 431 1742 quarto
454 1665 571 1744 quidem
592 1665 668 1744 pede
691 1685 787 1745 neque
809 1674 987 1744 anapaestum
1009 1682 1067 1723 nec
1091 1682 1166 1744 spon

122 1743 274 1804 ferendum
284 1742 428 1824 judicavit
442 1745 592 1809 Bentleiua
606 1747 645 1806 ad
661 1748 739 1808 Hac.
754 1748 796 1806 ll.
810 1753 839 1819 0,
865 1753 912 1807 10.
924 1745 1123 1818 festinantius,
1137 1765 1166 1825 u}

15 1850 18 1855 >
123 1837 153 1885 et
167 1844 200 1885 re
213 1845 271 1885 non
286 1846 324 1885 ex
335 1827 417 1887 omui
430 1838 514 1909 parte
528 1828 720 1899 considerata.
763 1829 839 1887 Nam
853 1828 915 1908 ipse
928 1847 964 1887 ea
983 1826 1014 1886 in
1035 1827 1109 1897 sede
1130 1839 1160 1889 et

3 1965 5 1968 ,
122 1918 245 1986 pastum
257 1920 288 1967 et
301 1910 592 1987 proceleusmaticum
606 1929 669 1970 esse
682 1909 757 1983 sivit,
773 1922 863 1980 recte,
879 1927 945 1968 mea
964 1907 1121 1982 sententia,
1142 1919 1166 1968 ut

120 2009 187 2070 que,
209 1989 239 2047 in
252 1989 298 2049 his
311 1992 451 2064 versibus,
475 1993 553 2052 Eun.
569 1992 628 2051 Ill.
641 1997 671 2064 5,
687 1999 737 2056 55.
751 2004 783 2052 et
796 1992 873 2051 Hec.
888 1991 926 2051 v.
938 1996 967 2053 2.
982 1995 1033 2053 24.

190 2100 259 2207 satin
272 2121 409 2205 explorata
421 2091 575 2187 sint-video
587 2144 654 2187 ease.
667 2125 802 2205 pdssulum
816 2125 886 2207 ostio
904 2123 985 2205 dodo.
1021 2150 1023 2153 ·

191 2206 220 2255 at
230 2192 297 2259 haee
309 2198 402 2283 amma
413 2199 501 2267 erunt,
518 2199 573 2267 ubi,
590 2200 760 2279 quamohrem
773 2195 920 2264 adveneris,
936 2196 1089 2283 resciscent

122 2318 238 2399 Nempe
246 2337 306 2379 non
316 2321 442 2387 attendit
457 2321 505 2381 vir
515 2339 645 2385 summus
660 2321 699 2380 ad
713 2320 754 2391 id,
768 2320 847 2400 quod
860 2318 891 2377 iu
905 2319 961 2388 hac
974 2337 1008 2378 re
1021 2319 1104 2381 uelut
1118 2336 1166 2385 uu(

120 2401 349 2461 controuersiam
370 2402 490 2474 dirimit,
511 2421 653 2463 casuram
667 2397 745 2462 dic'o.
788 2401 865 2468 Nam
879 2400 930 2460 ubi
944 2401 974 2462 lu
988 2399 1047 2461 fine
1060 2400 1155 2479 quarti

121 2499 233 2561 cesum
246 2491 301 2555 eat,
322 2500 382 2542 nan
403 2495 500 2564 potest
520 2502 580 2542 non
602 2496 634 2543 et
657 2483 803 2563 spondeus
827 2493 859 2542 at
876 2493 1045 2561 anapestus
1065 2482 1166 2547 vehem

119 2561 287 2641 displicere,
316 2564 385 2644 quia
408 2564 517 2624 utervis
540 2565 646 2624 horum
669 2566 777 2644 pedum
802 2563 985 2624 manifestam
1013 2562 1110 2627 reddit
1138 2583 1166 2626 111

120 2644 307 2729 pravitatem,
329 2657 362 2705 ut
375 2647 454 2725 apud
469 2646 607 2717 Plautum
621 2647 651 2704 in
667 2646 752 2706 Asin.
763 2645 821 2717 111.
831 2649 862 2720 2,
879 2651 927 2707 10.

108 2810 115 2817 ·
177 2768 221 2836 'id
233 2784 331 2839 virtute
342 2782 422 2856 hujus
434 2764 542 2853 dulleqae
554 2766 666 2853 madqua
679 2774 806 2835 comitdte
839 2779 842 2785 ’

191 2853 290 2911 factum
304 2856 356 2922 est3
371 2855 471 2927 qui-me
482 2854 522 2908 vir
533 2852 674 2909 fdrtiorest
685 2853 720 2906 ad
729 2850 890 2914 sufferendas
902 2849 1000 2923 plagas,

53 2993 60 2999 ·
122 2980 153 3030 et
165 2973 244 3051 apud
258 2971 429 3039 Terentium
441 2971 471 3030 in
486 2971 566 3039 Hec.
579 2968 637 3041 III.
654 2973 683 3043 2,
702 2975 749 3037 10.

142 3090 148 3099 “
193 3100 250 3144 tum
259 3089 332 3144 filius
344 3099 408 3166 tuus
418 3087 532 3158 introiit,
549 3087 649 3159 videre,
660 3098 691 3144 ut
702 3089 785 3156 uenit,
802 3088 867 3169 quid
878 3098 947 3160 agat.

124 3192 223 3261 Quare
236 3194 267 3253 in
283 3192 424 3266 Plautinis
436 3192 567 3263 versibus
579 3193 702 3254 fortasse
715 3192 894 3254 lenissimum
909 3191 965 3253 erit
979 3192 1153 3266 remedium,

125 3272 237 3354 queant
257 3274 288 3334 in
308 3286 450 3355 aequente
469 3294 554 3348 versu
579 3275 704 3348 sublato,
728 3273 843 3359 collegae
867 3283 909 3334 est
932 3275 1071 3346 scribere,
1093 3294 1152 3354 quo

125 3355 241 3426 constat
251 3355 402 3438 syllabam,
424 3377 489 3439 quoe
502 3367 571 3417 ante
584 3356 735 3417 elisionem
750 3362 804 3427 est,
819 3369 922 3436 parum
936 3356 1046 3425 abrevi
1060 3356 1166 3415 distare

125 3436 385 3513 Terentic'autem
398 3439 518 3533 ‘iqlroit't
538 3435 748 3518 pronunciatur
772 3447 920 3518 tamquam
934 3436 1093 3521 sildivisim
1114 3438 1166 3497 scri

124 3522 293 3594 essetintro
306 3518 352 3595 iit,
374 3528 409 3603 pt
427 3522 504 3582 intro
518 3541 580 3580 eom
594 3518 623 3578 ln
639 3519 717 3581 Hec.
738 3520 776 3580 V.
795 3525 823 3588 0,
849 3522 900 3580 21.
922 3536 1008 3601 quem
1034 3539 1149 3578 versum

124 3602 284 3664 attulimus.
307 3596 310 3609 ¹
326 3600 504 3681 Non'rniirus
518 3606 623 3683 pravus
634 3611 679 3666 eat
692 3612 874 3681 anapaestus,
886 3600 910 3660 si
928 3602 1050 3660 verbum
1071 3601 1166 3660 finitur

123 3685 254 3747 ultimam
263 3685 402 3766 anapaesti
414 3686 565 3766 syllabam,
576 3683 645 3763 quia
655 3695 717 3743 tum
728 3684 791 3763 ipsa
800 3683 880 3742 verbi
893 3682 987 3742 forma
996 3682 1138 3742 lectorem
1150 3683 1166 3740 ir

125 3778 158 3825 ut
179 3767 211 3831 in
233 3768 330 3828 iambo
352 3787 492 3836 casuram
508 3767 608 3837 faciat,
630 3766 710 3846 quod
723 3765 789 3824 fieri
798 3777 899 3827 tamen
919 3764 1072 3844 aequantia
1086 3764 1166 3844 prohi

126 3849 201 3908 utin
215 3849 313 3909 Plauti
328 3849 466 3909 Rudente
480 3849 524 3909 11.
540 3854 568 3920 1,
585 3852 633 3910 15.

193 3965 245 4020 nisi
255 3965 319 4038 quld
330 3964 492 4020 concharum
505 3962 647 4036 cdpnimun‘
659 3962 787 4021 ineoenfiti
800 3980 891 4020 mmus
902 3960 1034 4035 prolecto.

125 4065 230 4146 Itaque
243 4055 323 4129 recte
337 4068 511 4132 ibi-'Reiniua
525 4069 620 4130 edidit
632 4071 745 4131 arcuati.
786 4065 830 4129 At
843 4068 894 4128 ubi
908 4069 1015 4128 usitata
1028 4067 1078 4128 illa
1098 4068 1129 4126 iu
1149 4089 1167 4146 q

51 4168 53 4172 ’
124 4148 200 4226 pelle
214 4168 325 4218 datura
337 4151 474 4232 neglecta
483 4160 539 4235 est,
552 4151 732 4247 qarbumque
746 4150 823 4210 ultra
833 4151 914 4211 illum
928 4150 1032 4231 pedem
1044 4150 1165 4233 procedi

125 4229 194 4308 qun
207 4232 338 4312 vox'pon
351 4233 519 4314 requiescit.
540 4231 843 4314 1111-11111111110111111
867 4232 947 4301 nulla
960 4252 1057 4316 neque
1069 4226 1101 4290 3¹¹
1125 4252 1166 4316 ⁸1³⁴

124 4330 221 4390 neque
233 4311 263 4371 in
284 4329 431 4393 anapaesto
452 4313 572 4376 offemio
596 4326 652 4376 est.
667 4355 670 4359 -
685 4316 799 4449 {ltaque
823 4312 928 4395 injuria
948 4308 1081 4394 queritur
1103 4313 1166 4388 Ben
