2694 4866
115 304 179 365 m
473 277 943 371 mmmmss

115 464 562 542 momentanearum,
576 467 711 528 utetiam
731 465 828 527 media
850 463 882 524 in
901 481 986 538 voce,
1009 476 1053 539 et,
1076 464 1154 529 licet
1171 472 1240 542 rrr'o,

113 549 376 611 uumeronondnm
390 549 482 621 finito,
497 551 615 610 brevem
628 549 784 629 prolonga
797 559 950 628 ponerent.
990 549 1069 616 Qua
1089 568 1165 610 sane
1182 570 1239 631 pra·

112 631 187 690 ritas
200 630 332 711 quredam
347 651 489 692 mensuras
509 645 570 692 est:
590 633 643 693 sed
663 632 800 710 quoniam
820 631 850 689 in
870 630 946 691 tbesi
965 631 1175 711 monosyllaba
1191 645 1240 706 est,

113 731 175 772 non
188 730 365 792 magnopere
379 713 497 773 vitiatur
510 713 715 793 pronunciatio
727 712 873 784 vocabuli,
885 712 912 771 ai
925 711 1040 792 syllaba
1058 712 1126 774 ictu
1146 733 1240 774 cerem

114 794 185 855 satis
197 795 281 867 scite,
294 814 427 874 voceque
448 808 535 855 caute
555 814 695 875 suspensa
716 794 895 855 extenditur.
937 792 1053 855 Eadem
1073 795 1240 857 licentiain

113 874 208 957 primo
222 888 384 958 quartoque
397 872 473 957 pede
486 896 586 937 versus
598 877 709 937 heroici
723 874 870 937 interdum
883 875 1044 950 invenitur,
1056 887 1106 951 ut,

196 993 293 1054 nribus
306 994 436 1056 unitam
450 996 583 1071 ἱπᾶνυμοι.

192 1079 229 1153 ptri
244 1102 297 1143 πως
311 1079 341 1142 ὂς
354 1076 435 1152 ridica
449 1079 517 1137 λίνου
531 1076 621 1137 sittim
634 1078 777 1160 nrdygeo,

115 1188 158 1251 Ut
171 1188 293 1249 fortasse
310 1191 397 1250 etiarn
412 1189 457 1252 his
468 1190 660 1251 defendendis
672 1189 804 1253 adbiberi
817 1188 919 1271 possit,

192 1307 296 1385 paitrus
309 1313 403 1381 dmi,

114 1430 155 1491 θῒ,

477 1542 582 1619 &volni
594 1541 734 1621 crupitur.

114 1664 202 1744 Vide,
216 1688 282 1748 qun
294 1669 358 1730 dixi
370 1669 420 1732 lib.
435 1674 460 1734 1.
474 1694 502 1735 c.
511 1680 543 1749 9,
557 1678 587 1739 7.
601 1696 629 1754 p.
644 1679 694 1735 41.
706 1684 738 1733 et
751 1672 801 1733 lib.
817 1671 858 1732 11.
871 1692 901 1733 c.
912 1677 966 1744 26,
980 1673 1032 1732 22.
1044 1691 1075 1752 p.
1092 1675 1166 1738 att.

153 1752 184 1815 7.
206 1750 314 1831 Aptius
327 1764 424 1813 autem
438 1755 530 1815 risum
544 1769 599 1829 est,
614 1756 654 1815 ibi
668 1754 794 1816 maxime
814 1755 891 1814 hanc
908 1751 1059 1814 licentiam
1077 1755 1235 1825 admittere,
1258 1798 1262 1805 -

112 1830 164 1892 ubi
177 1847 299 1912 propter
311 1834 399 1895 mem
413 1838 536 1898 membri
549 1837 667 1899 omnino
686 1835 825 1897 incertior
844 1845 889 1897 est
909 1833 1051 1915 temporie
1069 1835 1235 1897 οὴιοπιιίο.
1270 1844 1273 1895 i

114 1916 145 1975 Is
157 1914 224 1975 finis
236 1928 335 1977 autem
349 1936 408 1977 non
422 1919 516 1979 solum
531 1921 561 1978 in
582 1919 732 1991 extremis,
752 1917 913 1978 sedetiam
934 1917 964 1977 iu
985 1916 1090 1979 mediis
1115 1918 1234 1979 versibus
1270 1956 1273 1971 ι

112 1997 269 2057 invenitur.
311 2001 351 2060 Et
364 1999 466 2078 primo,
490 2023 580 2082 quum
599 2001 649 2061 alii
669 2000 782 2062 numeri
801 1998 977 2071 succedunt,
989 1998 1083 2063 veluti
1096 1996 1235 2081 dmiffi·
1269 1980 1273 2095 l

112 2077 257 2141 Pindarus
271 2080 321 2151 01.Ι
335 2082 388 2140 Vl.
403 2087 453 2144 80.

194 2193 263 2280 nitigi
275 2204 361 2275 κόμαν
375 2195 488 2279 lrnbp
499 2200 610 2284 {rigam
625 2199 777 2284 Eogusrip.

112 2308 242 2383 Deinde,
256 2330 346 2391 quum
361 2325 505 2393 cognatus
518 2334 666 2390 numerus,
681 2313 828 2388 Creticus,
840 2311 988 2393 sequitur:
1007 2302 1060 2372 bl.
1074 2311 1133 2374 xl.
1147 2316 1193 2374 tt.

192 2424 253 2488 inda
266 2429 462 2507 compariter*
476 2432 648 2512 ἶγγυιίσομιι.

111 2539 251 2621 Denique
262 2563 351 2621 qaum
359 2542 436 2605 idem
446 2546 563 2626 quidem
574 2566 721 2620 numerus,
733 2546 785 2608 sed
795 2548 945 2626 sejunctus
958 2544 1181 2625 aproecedente,
1193 2561 1235 2603 se·

112 2621 222 2700 quitur.
262 2624 380 2687 Etenim
395 2647 483 2706 quum
498 2648 576 2710 soepe
589 2649 665 2689 unus
678 2639 793 2688 tantum
813 2628 957 2708 epitritus,
978 2627 1154 2707 plerumque
1172 2626 1230 2696 duo,

111 2704 260 2800 interdum
274 2719 343 2781 tres,
365 2721 398 2769 ut
417 2710 448 2767 in
467 2711 555 2771 tertio
577 2711 704 2772 carmine
725 2711 894 2792 Olympico,
914 2709 945 2769 in
966 2728 1059 2769 unum
1080 2710 1231 2799 membrum

113 2799 328 2858 consocientur,

192 2908 278 2987 Augr'p
294 2907 375 2978 φάναι
389 2909 519 2990 ἔνιςμᾶξιι
532 2907 637 2989 rrtdr'ap,

112 3014 163 3076 nbi
177 3029 316 3095 quattuor
329 3021 438 3101 epitriti
453 3029 681 3103 conjunguntur,
695 3024 807 3103 placuit
820 3023 922 3104 poitis,
935 3022 1022 3084 binos
1036 3043 1097 3084 uno
1110 3023 1229 3086 membro

112 3098 278 3178 complecti.
320 3105 366 3163 Ita
379 3104 490 3164 factum
504 3115 559 3179 est,
574 3119 607 3166 ut
621 3105 768 3166 secundus
788 3125 891 3166 eorum
914 3116 946 3166 et
968 3117 1090 3185 quartus
1115 3106 1228 3166 ultmtm

111 3180 268 3260 ancipitem
283 3203 347 3243 esse
357 3196 536 3265 paterentur.
579 3187 625 3247 Ita
638 3187 667 3245 in
683 3188 767 3248 initio
781 3188 966 3267 stropharum
978 3187 1228 3264 Isthm.111.cujut

112 3263 247 3323 carminis
260 3285 327 3345 pars
340 3268 428 3347 vulgo
442 3280 578 3349 quartum
593 3289 711 3330 carmen
726 3270 880 3330 Isthmium
895 3281 1083 3330 numeratur:

193 3381 293 3442 tinniat
307 3380 329 3442 δ’
342 3381 417 3466 ἵςγων
432 3384 526 3446 droise
538 3389 587 3469 xpi
601 3387 644 3457 uir
659 3394 763 3465 inerim
778 3391 818 3447 rit
832 3385 930 3454 irSAo'r,

112 3515 146 3598 ut
159 3527 186 3567 v.
203 3513 250 3571 19.
264 3511 314 3591 qni
328 3505 488 3573 secundnm
503 3516 635 3594 vulgatas
650 3516 794 3576 editiones
808 3515 920 3596 primus
935 3524 979 3574 est
990 3514 1087 3593 quarti
1098 3507 1225 3581 carminis
1245 3552 1250 3567 ·

91 3594 94 3601 “
112 3598 221 3649 inserto
233 3595 278 3670 pir
291 3594 332 3653 ita
345 3596 531 3657 scribendum
545 3598 694 3657 videatur:
1223 3628 1228 3641 ·

190 3721 243 3784 ’ἔστι
256 3725 299 3799 pris
309 3756 352 3805 μοι
362 3733 422 3790 9131
435 3729 507 3793 iictori
519 3735 600 3815 poerit
615 3739 700 3794 rarsi
714 3732 841 3798 κίλινθος.

111 3848 160 3908 De
174 3856 287 3915 caeteris
303 3858 420 3919 Pindari
437 3861 520 3934 locis,
536 3863 630 3942 quiin
646 3863 742 3922 medio
756 3863 862 3921 horum
876 3860 1060 3940 epitritorum
1075 3877 1161 3920 cursu
1172 3858 1223 3916 bre·

110 3948 175 3988 vem
190 3936 328 4014 syllabam
343 3961 396 4020 pro
409 3942 497 4022 longa
510 3940 631 4018 liabent,
648 3945 710 4005 dixi
724 3945 752 4003 in
768 3943 970 4003 dissertatione
991 3943 1029 4001 de
1050 3938 1223 4023 quorumdam

111 4023 270 4106 metrorum
285 4042 420 4082 mensura
434 4024 598 4104 rhythmica
612 4049 642 4106 p.
657 4030 685 4091 7.
700 4047 783 4107 seqq.
794 4044 902 4104 eosque
911 4035 1066 4105 corruptos
1074 4043 1138 4085 esse
1144 4032 1223 4082 osten·

111 4089 152 4163 dl,
167 4113 195 4152 ln
211 4119 268 4176 qua
282 4106 426 4165 sententia
439 4119 542 4185 postea
555 4110 648 4187 magis
664 4110 751 4169 etiam
769 4109 1041 4178 confirmatnssum.
1082 4107 1149 4167 Jam
1161 4099 1223 4163 enin

110 4189 206 4253 neque
227 4183 263 4240 ab
285 4189 403 4247 nomine
424 4189 540 4269 proprio
562 4192 785 4251 excusationem
806 4187 996 4269 repetendam
1019 4207 1086 4248 esse
1104 4185 1222 4248 arbitron

110 4272 207 4335 neque
221 4261 250 4319 in
266 4269 393 4328 carmine
409 4268 511 4331 lsthm.
526 4283 639 4350 quarto,
661 4273 741 4353 quod
762 4272 850 4352 vulgo
865 4271 998 4351 quintum
1012 4281 1069 4342 est,
1083 4267 1223 4350 quidquam

109 4350 172 4397 ²⁵⁸⁸
196 4355 279 4424 P⁰l⁰2
303 4350 383 4428 quod
405 4351 493 4427 hanc,
517 4372 604 4434 quam
627 4354 776 4436 proposui,
794 4354 934 4415 rationem
959 4351 1128 4424 labefactet,
1150 4343 1224 4408 mod·
