2694 4866
437 266 495 331 DE
510 271 650 333 VERSU
671 270 898 335 SATURNIO.
1167 280 1227 337 415

108 440 318 513 Paulliooruru,
339 441 465 522 dumque
488 450 597 502 ueram.
639 439 721 499 Editi
744 450 774 500 et
795 440 868 499 liber
888 440 928 499 D.
950 439 1065 512 Jacobi,
1086 450 1228 504 reserant.

107 525 151 583 Et
166 545 196 604 p.
212 526 282 587 704.
295 524 332 583 de
345 542 404 602 quo
418 522 535 583 Merula
548 523 586 581 ud
600 521 676 581 Ean.
690 543 719 601 p.
733 526 780 583 92·
796 524 864 583 426.
878 526 948 585 448.

182 671 480 694 ........
510 641 618 710 jamque
626 640 684 710 ejus
694 648 809 694 mentem

180 713 287 767 fontana
298 709 397 765 iecerit
409 708 532 782 quietim.

106 817 241 880 Mediam
252 816 389 895 syllabam
404 815 432 872 in
446 816 562 897 quietem
576 815 693 873 brevem
707 833 779 886 esse,
800 832 839 874 ex
850 812 998 874 Prisciauo
1012 812 1167 893 colligitur.
1189 813 1229 872 Et

107 900 183 959 Vll.
197 920 226 978 p.
240 903 308 964 770.
323 897 360 956 de
374 915 431 975 quo
443 897 508 954 loco
523 895 640 954 Merula
653 916 682 974 p.
696 900 765 956 416.
943 912 946 917 ·

182 1010 263 1071 senex
273 1014 355 1069 fretus
368 1013 466 1084 pietdte
479 1014 566 1079 deum,
583 1012 734 1085 illoquutus
748 1014 842 1068 summi

181 1088 339 1213 {effluis
347 1084 453 1140 tratrem
467 1085 629 1157 Neptunum,
647 1095 813 1154 regnatorem

109 1261 200 1322 Alter
210 1259 296 1320 codd.
312 1259 518 1324 Paullinorum.
529 1258 637 1341 pietate
644 1258 695 1318 dui
704 1257 832 1318 allocutis
842 1259 914 1320 sumi
926 1258 973 1318 dei
985 1261 1067 1339 regit.
1088 1257 1229 1318 sticoav.

107 1342 267 1412 secundus,
287 1342 445 1401 semideum.
486 1339 608 1419 Expleri
625 1351 721 1418 potest
742 1339 791 1398 hic
810 1359 909 1400 versus
929 1340 1023 1400 verbis
1046 1341 1229 1400 aVarronne

105 1447 139 1504 p.
153 1428 204 1495 74,
226 1429 275 1485 30.
288 1422 391 1494 allatis,

181 1581 188 1596 ·
222 1582 229 1597 ·
263 1560 363 1621 patrem
372 1566 448 1604 suum
460 1547 597 1619 dptumum
607 1546 721 1619 appellat
733 1565 892 1619 supremum.

110 1653 204 1735 Apud
219 1654 336 1713 Festum
350 1653 379 1713 iu
393 1672 419 1710 v.
434 1653 577 1733 quianam,
597 1651 706 1730 dequo
720 1652 786 1711 loco
801 1652 916 1712 Merula
929 1673 958 1732 p.
971 1658 1041 1714 416.

183 1803 439 1824 .......
473 1768 574 1826 summe
586 1767 663 1822 deum
673 1779 803 1838 regnator,

183 1842 303 1914 quianam
315 1840 436 1912 genuisti.

111 1949 164 2007 Sic
188 1946 326 2025 Scaliger.
370 1943 459 2023 Apud
484 1943 599 2015 Festum
624 1954 668 2002 est
688 1963 777 2023 genus
800 1942 858 2002 isti.
901 1940 991 2021 Apud
1009 1941 1144 2002 eumdem
1157 1941 1187 1999 iu
1200 1959 1226 2001 v.
1289 1975 1292 1981 -

108 2030 258 2099 rumitant,
273 2047 312 2086 ex
327 2026 409 2086 Bello
426 2026 535 2083 Punico
550 2036 697 2103 sumptum
711 2023 826 2083 videtur
838 2022 909 2084 hoc:

182 2143 259 2200 side
271 2143 337 2197 alius
349 2141 455 2196 aliunde
465 2140 591 2195 rumitant
602 2141 671 2195 iuter
683 2158 720 2196 se.

110 2246 231 2309 Diserte
245 2245 358 2305 Bellum
374 2243 516 2304 Punicum
531 2243 637 2303 citatur
649 2243 679 2301 iu
694 2263 720 2300 v.
733 2244 879 2325 tardares!

183 2399 190 2413 .
225 2401 233 2417 .
266 2397 274 2412 .
308 2397 315 2411 .
350 2361 421 2434 quod
432 2360 502 2415 bristi
514 2359 564 2415 nee
572 2360 636 2416 satis
648 2361 761 2416 sardare.

182 2435 290 2507 queunt.

111 2543 154 2602 Et
170 2542 199 2600 iu
212 2562 238 2600 v.
252 2551 397 2624 stuprum:

181 2659 289 2731 seseque
301 2658 318 2711 ii
335 2658 420 2728 perire
430 2656 567 2712 mivolunt
579 2657 683 2722 iridem,

180 2749 259 2803 quam
272 2730 332 2784 cium
344 2739 434 2799 stupro
446 2728 532 2783 redire
544 2729 578 2782 ad
591 2730 651 2783 su6s
663 2727 805 2800 popularis.
840 2766 847 2780 ·
882 2770 889 2784 .

109 2834 238 2896 Ibidemr

183 2954 224 3009 sin
237 2954 297 3010 illos
309 2955 431 3010 deserant
443 2955 597 3010 fortissimos
608 2955 732 3022 virorum,

181 3028 305 3098 numism
315 3035 435 3098 stuprum
447 3028 528 3100 popld
538 3029 596 3082 lieri
607 3027 727 3098 pergatis.
760 3066 768 3103 3
802 3066 810 3081 .

118 3130 247 3190 Virorum
269 3149 322 3208 pro
341 3130 416 3190 uiros
436 3129 559 3189 debetur
574 3130 740 3207 Scaligerot
760 3129 813 3188 sed
826 3127 883 3187 ulia
896 3127 944 3187 ille
957 3139 1062 3206 praeter
1076 3129 1229 3189 necessita·

110 3224 173 3272 tem
187 3212 327 3271 mutabat.
368 3212 513 3270 caeterum
527 3231 555 3268 v.
571 3211 749 3288 Stephanum
763 3209 793 3267 iu
806 3210 909 3288 fragm.
922 3212 1014 3288 po'e‘tt.
1028 3222 1099 3269 vett.
1112 3231 1141 3289 p.
1161 3214 1231 3272 236.

112 3290 205 3372 Apud
220 3292 348 3349 Nouium
361 3291 391 3349 iu
405 3312 433 3353 v.
446 3292 561 3350 castitas
575 3312 603 3370 p.
619 3295 689 3363 197,
703 3297 752 3351 25.

182 3425 224 3462 res
232 3407 306 3462 divas
317 3408 407 3474 edicit,
424 3407 544 3479 praedicit
555 3415 649 3462 castus.

114 3511 207 3591 Apud
219 3511 370 3570 Donatum
384 3511 422 3570 ad
436 3511 566 3572 Terentii
582 3511 676 3571 Andr.
690 3510 755 3582 1.1,
771 3515 819 3570 28.

182 3628 301 3699 plerique
313 3646 404 3683 omnes
416 3629 570 3700 subiguntur
581 3631 629 3685 sub
641 3647 715 3684 suum
723 3629 861 3700 Judieium.

113 3733 278 3812 Stephanus
291 3733 380 3793 habet
393 3734 574 3815 autgangum.
603 3736 708 3795 ¹Varro
723 3734 759 3793 de
774 3735 810 3792 L.
831 3733 867 3794 L.
890 3733 944 3795 IV.
965 3754 994 3812 p.
1018 3738 1068 3804 37,
1090 3738 1120 3795 9.
1143 3754 1233 3812 quum

113 3830 245 3975 ἰοὲιὲξξὲεα
259 3815 288 3871 in
302 3814 381 3874 circo
396 3833 413 3874 a
428 3816 528 3875 Noevio
551 3817 680 3900 oppidum
701 3815 839 3895 appellari
859 3814 989 3889 dixisset,
1009 3815 1120 3896 scripsit
1134 3820 1232 3896 polita,

182 4042 189 4056 ·
226 4051 233 4064 .
270 4044 277 4059 ·
313 4051 318 4064 .
357 4052 364 4065 .
399 4004 513 4069 (durator
523 4016 568 4069 ubi
579 4023 683 4070 currum
693 4014 793 4080 insidit,

218 4081 335 4138 tuebitur
346 4092 428 4156 usque
440 4085 474 4139 ad
484 4087 619 4157 dppidtsm.

114 4189 157 4248 Ut
171 4188 239 4258 hoc,
260 4188 300 4247 ita
313 4190 399 4249 etiam
414 4210 478 4268 quae
491 4190 528 4249 de
542 4201 641 4249 monte
656 4190 804 4249 Aventino
819 4200 849 4248 et
863 4187 900 4247 de
912 4187 1060 4258 Butuntis,
1079 4189 1137 4272 (sic
1153 4191 1236 4249 Pala·

113 4268 187 4328 tium
207 4269 337 4351 vocavit)
361 4271 515 4349 scripserat
540 4271 666 4344 Naevius,
687 4289 811 4350 quorum
825 4269 1002 4329 mentionem
1015 4270 1085 4329 facit
1101 4271 1192 4330 Varro
1206 4292 1235 4349 p.
1340 4290 1343 4295 ·

117 4355 165 4423 14,
189 4356 219 4411 4.
246 4355 294 4427 16,
320 4357 367 4415 16.
390 4370 428 4414 ex
453 4351 536 4413 Bello
557 4351 669 4418 Punico
689 4363 804 4433 sumpta
823 4350 967 4414 videntur.
1009 4351 1127 4414 Diserte
1150 4351 1236 4431 huius
