2694 4866
406 241 729 303 unnnsruunn
753 238 934 300 arensi.
1124 206 1127 212 ’
1198 248 1237 306 45

105 421 155 469 est
168 409 250 472 omni
264 411 484 488 comparatione
497 409 619 469 aliorum
634 422 808 488 temporum,
826 408 951 487 ideoque
968 411 1034 489 jure
1047 409 1136 469 habet
1149 410 1235 488 sylla·
1304 446 1307 451 ·

106 492 176 550 bam
191 491 358 570 ancipitem.
400 492 503 570 ltaque
516 493 546 548 in
560 492 631 562 basi,
653 510 717 569 quae
732 490 803 549 duas
816 490 982 567 hujusmodi
1002 490 1079 551 aises
1093 492 1234 564 continet,

107 584 234 651 utraque
248 592 355 666 anceps
369 573 406 631 sit
418 572 538 632 necesse
548 588 602 632 est.
645 570 704 632 Sed
714 572 803 629 habet
815 571 879 630 baec
889 590 997 650 anceps
1007 572 1065 630 hoc
1075 573 1232 650 peculiare,

108 655 199 732 quod,
217 675 304 733 quum
320 674 350 710 ιιι
365 653 427 712 aliis
441 655 540 713 metris
553 654 623 711 arsis
634 672 786 712 numerum
800 652 829 709 in
844 651 940 710 medio
953 672 1037 711 versu
1051 652 1154 712 finiens
1173 674 1234 714 non

107 734 164 792 nisi
178 734 209 792 in
222 735 280 793 fine
301 735 436 793 vocabuli
449 753 556 814 anceps
577 734 623 806 sit,
647 736 711 792 haec
726 732 812 792 e'tiam
837 733 866 790 in
880 733 962 791 initio
983 733 1116 792 vocabuli
1136 736 1181 794 vel
1203 736 1232 793 in

107 815 207 874 medio
220 816 363 875 vocabulo
376 817 472 875 locum
493 817 592 874 habet.
633 815 721 880 Quod
741 815 783 873 uti
805 813 1017 873 commoditatis
1037 833 1139 873 caussa
1153 817 1234 875 insti-

108 905 207 956 tutum
221 908 275 969 est,
291 897 359 976 quia
372 896 421 955 iix
435 896 499 955 fieri
519 907 642 976 poterat,
658 907 691 954 ut
712 895 818 974 ubique
832 896 898 954 duae
921 914 1009 954 voces
1027 897 1233 976 monosyllabae

108 977 139 1034 in
162 989 301 1057 promptu
325 990 431 1050 essent,
446 979 487 1037 ita
508 979 598 1037 etiam
611 977 766 1036 offensione
781 987 870 1044 caret,
894 976 962 1055 quia
982 976 1012 1033 in
1033 975 1133 1036 ordine
1147 978 1232 1039 unius

109 1059 246 1137 temporis
267 1061 445 1139 comparatio
468 1060 551 1119 abest
571 1057 692 1117 aliorum
713 1069 885 1137 temporum,
900 1076 957 1136 qua
981 1057 1042 1116 sola
1061 1057 1103 1128 fit,
1119 1070 1152 1117 ut
1171 1077 1232 1118 non

111 1139 218 1216 quaeris
231 1140 342 1218 syllaba
354 1140 444 1219 possit
457 1159 564 1219 anceps
585 1159 657 1199 esse.
699 1139 844 1216 Exempla
867 1139 996 1198 omnium
1010 1140 1114 1198 baseos
1126 1139 1231 1199 forma·

110 1237 182 1293 rum,
197 1222 302 1299 quibus
315 1222 398 1301 lyrici
413 1222 566 1283 AEolenses
579 1222 624 1280 usi
637 1230 715 1294 sunt,
731 1220 847 1299 Sappho
861 1219 971 1299 praebet
991 1219 1069 1298 apud
1090 1220 1232 1300 Hephaes·
1318 1257 1324 1279 t

112 1300 218 1361 donem
232 1322 261 1382 p.
276 1307 325 1363 24.
904 1341 907 1347 ·

181 1417 259 1501 ’'Egoe
273 1418 295 1480 δ’
308 1418 370 1482 αὖτέ
381 1421 436 1499 μὀ“
451 1425 586 1498 assimile
600 1417 669 1493 dorsi,

186 1501 359 1584 γλυκῖκπικςον
373 1504 509 1581 ἀμάχανον
521 1502 630 1584 lgmor.

187 1581 274 1652 Ἀτθί,
289 1590 326 1642 ool
340 1582 362 1641 δ’
376 1585 456 1660 ἐμέθεν
466 1585 510 1660 μὲν
524 1587 655 1661 ἄπιίχθιτο

87 1694 91 1741 '.
188 1663 339 1745 Ogorrt'obna
354 1666 394 1725 ἐπὶ
408 1663 430 1724 5
443 1661 605 1747 Ἀιδςομέδιι
619 1667 693 1746 srocfi'.

133 1799 180 1853 ·l.
199 1795 317 1872 Tragici
340 1815 409 1854 vero
423 1806 453 1855 et
477 1796 592 1865 comici,
614 1806 654 1869 et,
668 1806 701 1854 ut
724 1794 850 1868 videtur,
874 1793 924 1873 qui
945 1794 990 1854 his
1014 1795 1076 1856 fere
1099 1815 1229 1858 normam

125 1874 292 1950 preiverunt,
306 1876 389 1955 lyrici
404 1877 517 1948 Dorici,
531 1877 622 1947 basin,
644 1877 759 1954 majoris
773 1876 921 1953 gravitatis
941 1895 1053 1950 caussa,
1074 1878 1231 1940 noluerunt

126 1953 157 2011 ita
176 1960 321 2034 componi,
346 1969 378 2016 ut
402 1959 495 2016 ambae
518 1976 596 2017 arses
620 1958 737 2017 brevem
762 1957 900 2036 syllabam
924 1958 1075 2019 haberent.
1126 1961 1231 2040 Itaque

127 2052 225 2112 operam
239 2038 393 2111 dederunt,
412 2050 458 2110 ut,
470 2038 540 2096 dum
560 2039 652 2098 altera
673 2038 831 2117 ancipitem
851 2056 1015 2096 mensuram
1036 2054 1229 2114 conservaret,

127 2115 199 2176 altera
211 2137 269 2177 non
292 2132 367 2178 esset
391 2139 508 2198 anceps,
532 2120 585 2178 sed
608 2119 697 2198 longa
719 2119 831 2198 syllaba
852 2119 1046 2180 roboraretur.
1087 2122 1175 2186 Quod
1189 2122 1230 2180 illi

128 2198 243 2272 quoniam
261 2200 425 2280 promiscue
438 2202 582 2273 fecerunt,
603 2200 685 2259 nullo
699 2200 864 2258 discrimine
883 2198 971 2258 modo
985 2200 1121 2278 priorem,
1142 2204 1229 2262 modo

127 2279 297 2353 posteriorem
309 2281 515 2360 producentes,
523 2282 610 2352 basis,
624 2300 681 2360 qua
693 2281 723 2339 hi
733 2292 864 2351 utuntur,
876 2278 906 2337 in
914 2279 948 2338 iis
958 2282 1085 2341 numeris
1095 2283 1231 2343 habenda

128 2368 169 2430 et,
180 2362 226 2439 qui
247 2363 469 2442 transpositione
482 2362 635 2423 mutabiles
656 2373 733 2421 sunt.
774 2363 877 2440 Itaque
898 2358 950 2419 has
965 2363 1036 2422 duas
1055 2363 1162 2424 formas
1175 2384 1228 2444 pro

127 2432 213 2512 lubitu,
227 2455 257 2504 et
267 2445 320 2517 sic,
332 2456 365 2504 ut
373 2444 461 2504 etiam
471 2443 647 2531 ¹respondere
657 2445 748 2519 altera
758 2443 841 2504 alteri
855 2443 885 2500 in
895 2443 1110 2527 antistrophicis
1119 2457 1228 2526 posset,

129 2536 282 2606 uurparum
292 2549 300 2589 s

130 2967 296 3048 Pyrrhichius
326 2973 403 3048 euim
427 2974 506 3052 apud
534 2973 588 3034 hos
616 2974 718 3053 potus
744 2971 775 3030 in
802 2971 942 3031 immensa
967 2969 1017 3029 illa
1042 2969 1228 3032 multitudine

128 3065 251 3126 versuum,
272 3054 322 3133 qui
341 3055 423 3115 basin
444 3056 561 3123 habeut,
582 3055 632 3113 vix
652 3053 742 3114 semel
762 3053 924 3131 iterumque
944 3050 1100 3122 invenitur,
1114 3063 1147 3110 ut
1167 3071 1226 3112 non

108 3129 229 3194 =dubiuru
241 3135 384 3207 videatur,
405 3135 474 3214 quin
498 3136 702 3197 emendatione
725 3132 914 3213 expellendus
935 3133 983 3193 sit.
1023 3135 1059 3193 ln
1080 3132 1228 3212 Euripidis

128 3208 270 3296 hippolyto
283 3236 311 3276 v.
328 3222 394 3278 141.
407 3217 513 3291 scribe,

189 3332 219 3391 cl
231 3328 388 3412 *rripit-9105,
403 3325 424 3389 3
435 3331 526 3414 uiget,

124 3438 163 3500 ubi
174 3445 258 3524 vulgo
270 3448 303 3506 σὺ
314 3451 367 3529 γὰρ
377 3445 493 3524 legitur.
533 3446 570 3504 In
581 3444 706 3506 Bacchis
719 3464 746 3502 r.
760 3447 830 3504 toa.
849 3430 944 3502 scribe
958 3442 1072 3522 adjecto
1093 3441 1227 3512 articulo,

141 3588 145 3595 ·
188 3562 216 3620 ἵν’
228 3564 250 3621 οἷ
261 3563 415 3646 θιλξίφςοιις
428 3562 507 3640 ripor-

187 3668 230 3703 ται
239 3647 367 3705 &actico
374 3645 492 3725 Ἐςνπς.

87 3804 90 3825 ,
118 3755 176 3821 Quo
187 3756 257 3816 vitio
269 3758 383 3817 laborat
397 3758 484 3817 etiam
500 3752 660 3839 Sophocles
674 3754 703 3812 in
718 3749 790 3813 OEd.
804 3752 869 3818 cot.
882 3756 952 3818 670.
967 3748 1015 3812 ubi
1029 3748 1224 3826 scribendum,

87 3854 90 3871 υ
185 3879 225 3933 ris
238 3878 340 3954 ἆςγῖτα
354 3860 474 3940 Kohom'r,
487 3871 536 3931 ’ἔνθ’

186 3957 204 4012 ἱ
217 3963 303 4027 Mysia
314 3954 450 4036 perigenes.

144 4076 173 4131 5.
197 4069 235 4128 Et
256 4070 340 4149 lyrici
361 4068 478 4149 quidem
503 4066 619 4137 Dorici,
640 4085 675 4125 ac
698 4063 803 4124 veteris
823 4062 973 4141 tragoediae
993 4060 1148 4138 scriptores
1160 4059 1228 4128 hac,

110 4171 192 4230 quam
216 4151 305 4210 modo
327 4149 528 4218 indicavimus,
553 4149 655 4207 baseos
678 4147 771 4205 forma
792 4146 834 4204 usi
858 4162 935 4202 sunt.
977 4142 1135 4204 Recentior
1159 4159 1228 4198 vero

109 4232 258 4312 tragoedia,
273 4234 359 4310 cujus
373 4232 454 4290 initia
468 4229 505 4288 ad
526 4228 728 4308 Olympiadem
745 4223 916 4295 LXXXIX.
930 4223 1089 4292 referimus
1105 4233 1135 4280 et
1148 4239 1228 4279 corn-

108 4314 213 4373 moedia
226 4314 285 4373 hoc
299 4313 354 4373 sibi
374 4313 570 4380 indulserunt,
583 4322 615 4370 ut
629 4329 693 4369 eam
708 4328 747 4367 ex
760 4308 806 4366 his
827 4308 938 4366 duabus
952 4306 1072 4376 ansibus,
1087 4322 1151 4383 quae
1172 4321 1230 4361 non
