2694 4866
169 341 211 402 oo
270 335 353 397 mn
374 336 417 400 ιι.
437 332 531 400 car.
552 332 607 396 xi.
628 331 687 394 nn
708 330 852 396 vansu
871 285 1214 398 irnrrnimrc'o.

631 621 747 700 CAP.
765 621 852 756 XI.x

478 828 530 880 DE
556 831 678 880 VERSU
704 829 1005 883 ITHYPHALLICO.
1188 863 1203 891 ρ

215 995 243 1053 l.
264 988 395 1048 Versus
414 985 632 1066 ithyphallicus,
646 985 697 1064 qui
710 1003 749 1044 ex
762 986 855 1047 tribus
867 986 1003 1048 trochaeis
1017 995 1143 1060 constat,
1156 1004 1197 1046 ex
1210 1002 1299 1066 gram·

172 1071 347 1130 maticorum
370 1068 515 1147 sententia
528 1067 652 1126 dimeter
665 1066 938 1147 brachycatalectus
958 1079 1010 1128 est.
1052 1069 1127 1134 Quae
1147 1067 1297 1148 appellatio
1318 1090 1321 1094 ·

172 1151 253 1219 fecit,
271 1163 303 1209 ut
315 1166 376 1210 non
392 1168 457 1208 raro
472 1149 577 1222 critici,
592 1148 716 1227 dipodiis
727 1154 798 1208 'eum
811 1170 926 1210 versum
940 1150 1105 1222 metientes,
1119 1149 1150 1209 in
1175 1151 1296 1209 errorem

172 1232 338 1299 inciderint,
352 1246 406 1310 pro
420 1231 550 1291 secundo
566 1230 696 1289 trochaeo
710 1231 798 1289 etiam
808 1232 980 1310 spondeum,
996 1242 1029 1290 ut
1043 1231 1073 1288 in
1087 1230 1146 1291 fine
1168 1229 1296 1311 dipodiae,

172 1314 387 1373 admittendum
401 1313 465 1384 rati,
483 1331 542 1391 quo
556 1312 642 1390 plane
657 1313 854 1391 corrumpitur
867 1332 1016 1374 numerus.
1057 1312 1177 1373 Etenim
1191 1332 1229 1372 ex
1242 1328 1295 1369 uno

149 1407 153 1413 ·
176 1395 225 1454 ille
236 1395 338 1454 ordine
352 1394 458 1473 triplici
473 1403 598 1465 constat,
622 1392 748 1471 ideoque
772 1413 831 1453 non
845 1394 901 1454 nisi
920 1393 1052 1454 intortio
1072 1393 1149 1473 pede
1163 1394 1294 1474 syllabam

95 1493 98 1497 ’
174 1475 333 1555 ancipitem
347 1475 461 1554 recipit,
475 1475 637 1534 secundum
652 1494 711 1533 non
725 1473 830 1548 minus,
845 1495 932 1555 quarn
956 1475 1091 1555 primum,
1114 1495 1220 1555 purum
1242 1491 1293 1533 ser·

117 1620 118 1623 Ἴ
173 1576 260 1616 vans:
283 1558 388 1636 quibus
401 1557 430 1614 in
444 1557 517 1615 locis
538 1556 626 1615 etiam
649 1555 813 1615 tribrachus
837 1569 1003 1636 usurpatur,
1029 1576 1117 1636 quem
1139 1558 1177 1616 ab
1202 1555 1294 1615 rrltimo

60 1646 67 1660 ·’
173 1640 250 1719 pede
264 1638 372 1710 Graeci,
387 1649 420 1697 ut
434 1638 559 1710 videtur,
583 1637 685 1697 'abesse
709 1637 877 1712 voluerunt,
901 1639 982 1719 quod
1002 1639 1032 1697 in
1052 1638 1110 1697 fine
1132 1637 1294 1718 quietiorem

175 1739 238 1780 esse
252 1739 406 1779 numerum
420 1738 472 1797 par
483 1731 537 1779 est.

196 1821 199 1825 ·
215 1806 244 1860 2.
266 1801 321 1860 Est
334 1801 383 1860 hic
396 1820 496 1875 versus
509 1800 637 1861 maxime
651 1800 867 1880 iambographis
881 1811 912 1860 et
925 1799 1024 1880 lyricis
1036 1800 1174 1878 ¹usitatus,
1198 1811 1228 1860 et
1240 1798 1292 1878 ple·

63 1956 64 1960 ἵ
173 1902 297 1962 rumque
310 1882 360 1953 ita,
377 1897 408 1944 ut
422 1882 469 1941 vel
484 1903 537 1961 pro
552 1883 647 1962 epodo
661 1882 710 1942 alii
723 1882 819 1942 versui
832 1881 1013 1963 subjiciatur,
1029 1883 1105 1942 utin
1127 1883 1187 1944 hoc
1211 1881 1294 1942 Simo·
1337 1948 1339 1953 Ι

68 1970 71 1980 ‘
173 1964 249 2025 nidis
262 1963 341 2042 apud
355 1964 455 2043 Etym.
470 1965 518 2026 M.
529 1985 559 2043 p.
573 1968 643 2033 alc,
660 1969 710 2025 23.
1080 1963 1082 1967 ’
1335 1956 1339 2043 Ῑ,

178 2104 181 2111 ’
254 2075 299 2138 οἷον
312 2075 363 2138 ’ἠδ’
376 2081 432 2156 ipah
447 2081 544 2161 ignorit
557 2077 709 2162 regimem

334 2160 404 2238 ζῶῗοι
417 2163 548 2233 κάκιστοι,

71 2291 72 2294 ’
171 2276 404 2362 ιεῑριιιὶοιὶιιιι
418 2285 577 2343 constituat
592 2293 755 2344 extremam
768 2283 892 2344 aliorum
912 2301 1058 2354 versuum,
1082 2293 1117 2345 ut
1135 2284 1167 2343 in
1180 2283 1237 2346 hoc
1250 2300 1298 2344 cx·

173 2365 271 2443 emplo
284 2364 363 2441 apud
386 2365 638 2442 Hephaestionem,

255 2476 305 2537 οὐδ’
317 2477 455 2554 Ἀμειψίαν
469 2480 543 2559 igniri
557 2480 661 2556 πτῧχοι
682 2477 733 2539 'o'oc’
744 2477 781 2558 ἔφ’
793 2482 860 2558 ipit,

175 2608 262 2669 quem
275 2609 390 2648 versum
405 2588 464 2661 ille,
478 2588 615 2667 quoniam
630 2588 717 2648 etiam
741 2590 821 2668 prior
844 2610 910 2670 para
932 2589 1083 2655 trochaica
1104 2604 1160 2667 est,
1182 2576 1307 2657 aroenae

173 2691 241 2732 cum
255 2681 457 2730 tetrametrum
470 2670 788 2749 brachycatalecticum
801 2684 897 2732 vocat.
920 2671 980 2733 Sed
993 2674 1143 2754 nesciosan
1157 2675 1207 2736 ille
1220 2691 1307 2755 asyn-

174 2764 283 2813 artetus
297 2754 344 2826 sit,
360 2773 419 2832 quo
433 2753 464 2810 in
477 2771 585 2831 genere
599 2751 709 2812 multus
722 2751 779 2813 fuit
803 2753 985 2834 ithyphallici
1009 2775 1089 2829 usus,
1110 2768 1144 2817 ut
1157 2756 1236 2838 apud
1247 2756 1311 2816 Ar·

174 2833 353 2907 chilochum,
475 2835 477 2840 ’
745 2913 747 2920 Ι
914 2841 916 2844 ’

255 2953 299 3010 οὐκ
312 2948 349 3010 ’ἔθ’
363 2953 428 3025 ipris
443 2949 551 3016 Sa‘hhm
566 2952 669 3012 ὶπκλὶι
682 2950 761 3034 χςᾶι·
774 2952 901 3035 adeptam
915 2955 968 3036 wig
982 2951 1037 3026 lla,

175 3065 254 3145 quod
267 3064 395 3123 imitatus
406 3075 451 3123 est
466 3039 621 3134 Horatius:

141 3250 143 3258 γ
245 3181 356 3237 solvitur
367 3165 435 3236 acris
446 3181 532 3236 hiems
543 3193 617 3254 grata
629 3183 687 3240 vice
699 3183 767 3241 veris
780 3195 808 3241 et
819 3185 929 3242 Favoni.

174 3277 320 3364 Exempla
334 3281 481 3363 congessit
494 3287 587 3367 multa
601 3285 828 3367 Gaisfordiusp.
843 3293 913 3351 265.
926 3306 1007 3368 seqq.

199 3372 245 3428 ,3.
267 3367 382 3425 Eodem
395 3367 480 3426 metri
494 3387 602 3446 genere
626 3370 715 3428 etiam
739 3369 843 3445 tragici
864 3380 896 3428 et
919 3367 1024 3430 comici
1048 3367 1094 3430 usi
1117 3376 1198 3442 sunt,
1212 3365 1338 3431 adin.

77 3570 79 3575 ³
173 3449 304 3595 palrtigus
318 3448 429 3507 melicis
442 3448 488 3508 vel
502 3449 705 3529 systematicis.
747 3450 963 3533 Aristophaneo
976 3451 1055 3532 apud
1080 3451 1193 3514 Athen.
1206 3450 1264 3523 111.
1273 3470 1317 3532 p·

254 3645 398 3719 διέποντα,
412 3650 604 3726 porclnam,
617 3647 783 3727 διαλείχοντά
794 3673 846 3726 μου
866 3685 868 3689 <

376 3736 417 3790 τὶν
430 3732 502 3790 κάτω
516 3732 682 3804 σπατάγγην.
792 3759 793 3762 “

176 3843 333 3922 AEschylus
348 3843 379 3900 in
395 3842 478 3939 Sept.
501 3843 541 3903 ad
554 3844 649 3907 Theb.
664 3849 733 3905 300.

254 3959 394 4038 adloquere
409 3955 524 4024 πελειάς.

178 4067 238 4128 Sed
251 4067 447 4129 haec'minir'ne
466 4089 533 4130 rara
545 4081 622 4132 sunt.

161 4220 163 4224 y
217 4156 247 4211 4.
269 4150 468 4209 Romanorum
482 4151 591 4211 scenici
605 4154 713 4231 po‘e'tae,
737 4164 880 4233 quantum
901 4155 1036 4238 judicare
1059 4157 1144 4219 nobis
1157 4158 1238 4232 lieet,
1253 4176 1308 4219 noa

178 4239 396 4300 eunteonersu
418 4236 471 4292 usi.
512 4233 664 4294 Bentleius
686 4236 803 4314 quidem
824 4240 869 4297 sui
889 4240 997 4303 oblitus
1020 4251 1074 4316 est,
1098 4261 1191 4322 quum
1214 4242 1246 4303 in
1269 4244 1309 4305 A·
1334 4274 1339 4282 ¹

178 4311 291 4393 delphis
306 4311 361 4370 1v.
375 4317 404 4383 4,
427 4323 455 4375 9.
471 4315 630 4378 clausulam
644 4318 755 4379 faceret
768 4317 857 4394 hanc,
876 4324 879 4329 ’

164 4489 167 4495 ,
203 4410 209 4424 x
245 4426 311 4486 finus
323 4427 361 4485 mi
371 4427 498 4488 indicium
509 4431 582 4490 ie'cit.
