2694 4866
229 184 310 311 ΠΒ.
329 243 372 306 11.
393 244 486 308 cAP.
509 242 639 305 XXXII.
660 242 720 302 DE
742 242 871 306 ANAP.
891 244 1111 309 DIMETRIS.
1182 250 1242 311 235

100 440 141 481 re
158 418 237 477 infra
249 416 374 477 dicetur.
417 413 552 492 Collapsa
562 416 623 490 jam
636 423 700 473 arte
714 412 839 491 gliscens
859 414 1006 475 barbaries
1030 415 1174 475 continuis
1197 417 1243 476 his

94 499 297 562 monometris
317 515 370 555 usa
389 505 444 556 est.
485 496 533 554 Ita
553 495 690 574 Synesius
713 505 773 554 tres
793 495 917 575 hymnos
938 496 995 555 boc
1007 508 1103 556 metro
1112 498 1240 576 scripsit,

99 584 137 642 in
155 582 251 662 prima
263 579 334 639 sede
347 588 535 656 anapaestum,
556 577 727 656 spondeum,
748 575 907 656 dactylum,
928 576 958 634 in
979 579 1109 639 secunda
1128 598 1242 658 anapa-

100 676 192 724 stum
204 673 235 722 et
246 660 417 740 spondeum,
438 669 478 731 et,
500 658 637 737 quoniam
645 657 753 718 ,ultima
764 657 846 717 brevi
859 676 919 716 non
932 657 1142 731 offendebatur,
1156 661 1245 720 etiam

96 742 305 810 tribrachum,
321 752 352 800 et
365 740 525 799 trochaeum
540 758 692 818 usurpans.
724 738 884 819 Dactylum
897 738 1012 799 enimin
1024 742 1153 801 secunda
1162 743 1244 815 sede,

95 826 165 907 qui
175 836 224 884 ter
236 824 267 881 in
280 821 395 882 decimo
408 821 518 901 hymno
532 821 687 892 invenitur,
707 819 830 879 librariis
843 820 1043 899 imputandum
1057 833 1140 900 puto.

150 912 183 968 3.
207 903 353 964 Trimetro
367 903 541 963 catalectico
557 902 705 961 Simmiam
718 901 865 980 integrum
880 920 997 961 carmen
1016 903 1163 982 scripsisse
1186 917 1244 964 tes·

99 999 193 1050 tatur
208 985 393 1064 Hephaestio,
414 984 493 1043 unde
506 983 674 1062 exemplum
687 993 718 1044 et
731 982 793 1062 ipsa
805 1003 835 1062 p.
852 989 902 1048 26.
926 983 1000 1069 (46)
1024 994 1055 1044 et
1077 984 1247 1048 scholiastes

105 1075 179 1154 ejus
192 1072 289 1148 p.·9l.
307 1064 401 1149 (180)
417 1066 475 1126 hoc
486 1064 622 1138 afferunt,

189 1201 275 1261 ‘Iorlae
287 1199 367 1275 ἅγιά,
388 1199 440 1261 sitr’
453 1201 556 1276 ἰὸξιιίυν
569 1200 636 1280 μία
649 1201 756 1280 τοίχων.

101 1343 219 1420 inquo
231 1357 319 1399 versu
333 1336 456 1396 Porsoni
470 1338 684 1415 conjecturam,
704 1341 732 1396 τὸ
756 1333 943 1396 l'inserentis
966 1347 1034 1418 post
1057 1338 1136 1413 ἅγιά,
1157 1338 1247 1398 miror

102 1419 236 1505 'probari
249 1438 268 1479 a
281 1417 448 1479 Gaisfordio
461 1439 491 1497 p.
505 1421 576 1477 288.
618 1417 695 1477 Nam
709 1416 772 1496 quis
786 1429 846 1476 tam
868 1419 958 1478 breve
979 1419 1184 1498 fragmentum,
1206 1419 1249 1479 id-

105 1522 171 1586 que
185 1523 204 1562 a
218 1501 332 1560 dnobus
346 1499 536 1578 scriptoribus
555 1498 618 1557 sine
637 1497 804 1558 diversitate
825 1498 957 1569 citatum,
979 1511 1061 1561 tanta
1083 1502 1244 1561 mutatione

106 1585 264 1662 corrigere
279 1580 407 1642 audeat?
428 1581 583 1652 Porsonus,
606 1580 675 1642 dum
690 1589 769 1639 totus
789 1579 819 1637 in
843 1579 963 1659 tragIcis
988 1593 1061 1657 erat,
1082 1583 1119 1642 ad
1142 1583 1248 1642 horum

101 1664 285 1744 exemplum
306 1665 394 1723 etiam
408 1681 444 1721 ea
463 1661 610 1721 interdum
624 1660 735 1740 exegit,
757 1680 822 1740 quae
835 1660 905 1721 alias
917 1662 998 1741 leges
1012 1662 1132 1723 hahent.
1173 1664 1250 1729 Hia-

106 1759 163 1808 tus
178 1747 211 1804 in
226 1744 292 1817 arsi,
313 1743 473 1825 prasertim
487 1742 510 1802 si
525 1753 569 1802 est
583 1740 671 1802 etiam
683 1741 713 1800 in
727 1739 937 1821 alloquutione,
951 1741 1030 1822 apud
1043 1744 1167 1824 lyricum
1178 1745 1251 1803 nihil

111 1826 285 1889 offensionis
298 1826 398 1885 habet.
439 1823 528 1891 Quod
541 1824 565 1882 si
580 1824 643 1902 quis
658 1835 756 1882 tamen
770 1823 837 1883 eum
851 1836 1018 1901 suspectum
1027 1826 1157 1898 habebit,
1170 1826 1254 1886 vide·

104 1911 151 1970 >rit
174 1909 210 1995 is,
233 1927 280 1978 ne,
322 1926 392 1966 num
414 1905 492 2001 apud
513 1905 753 1984 Hephaestionem
768 1905 988 1987 cod.'Heidelb.'
1000 1925 1060 1973 una
1080 1926 1152 1966 voce
1171 1933 1252 1985 poa·

109 1994 218 2072 esayas,
247 1927 326 2068 apnll
349 1987 534 2050 schohastam
556 1997 654 2046 autem
680 1985 727 2047 ed.
751 1985 886 2069 princeps
908 1988 967 2070 ἐφ’
988 1986 1105 2060 haheat¹
1137 1988 1251 2053 facilins

114 2071 209 2134 scribi
224 2069 324 2150 possit.

199 2186 296 2260 ‘Iasio
317 2188 397 2260 ι’νγνὸι
411 2185 461 2249 ir’
473 2187 580 2261 ἓῦξαίυν
591 2186 753 2265 μευ-στάχυν,

108 2301 223 2376 'Etiam
236 2302 301 2363 cod.
323 2299 483 2373 Palatinus,
504 2305 587 2381 cujus
600 2300 752 2370 lectiones,
777 2290 993 2374 aFrommelio,
1014 2299 1094 2360 socio
1108 2299 1253 2361 seminarii

109 2398 117 2422 ³
139 2378 265 2462 hilolog.
306 2381 575 2462 Heidelbergensis,
597 2391 709 2453 enotas,
730 2400 749 2441 a
772 2381 920 2442 Creuzero
943 2381 1083 2460 impresso
1099 2386 1161 2462 jam
1179 2380 1255 2442 libro

117 2406 182 2526 Xon
191 2455 306 2545 accepi,¹
319 2463 353 2522 in'
363 2457 479 2524 scholiis
493 2464 582 2524 habet
593 2469 667 2525 tnta
679 2463 747 2537 ’ἐίγνέ
786 2463 894 2524 Codex
907 2463 957 2522 ille
969 2462 1151 2524 vitiosissime
1163 2463 1255 2543 scrip·

118 2558 170 2608 tus
184 2555 241 2619 ast,
254 2544 308 2605 sed
320 2555 438 2624 praestat
452 2546 580 2617 omnino,
601 2545 670 2605 talia
682 2545 826 2605 intentata
836 2545 1010 2624 relinquere.

163 2632 196 2688 4.
216 2627 320 2688 Plures
333 2626 722 2708 anapaesticorumversuum
736 2627 843 2686 formas
857 2640 1009 2686 enumerat
1031 2626 1162 2687 Servius:
1183 2644 1254 2706 quas

123 2710 206 2790 apud
219 2708 309 2780 bunc,
331 2720 362 2768 et
374 2707 453 2789 apud
466 2707 664 2769 Gaisfordium
679 2729 708 2786 p.
721 2711 792 2769 290.
805 2726 866 2786 seq.
879 2707 970 2765 videri
990 2707 1070 2767 licet.
1112 2708 1187 2767 Sunt
1207 2726 1259 2765 au·
1292 2774 1296 2779 ¹

124 2802 188 2851 tem
211 2808 335 2849 numero
358 2789 512 2854 tredecima
535 2790 587 2850 sed
601 2789 735 2869 quadam
748 2807 848 2850 earum
861 2807 964 2849 vereor
977 2786 1010 2848 nt
1023 2787 1134 2868 possint
1147 2787 1259 2850 idoneis

122 2871 272 2954 exemplis
286 2871 477 2953 comprobari.
901 2894 903 2898 ’

386 3207 416 3226 ,Ὺ
503 3098 651 3204 'cna
679 3077 908 3203 xxxin.

406 3331 467 3380 ,DE
493 3331 746 3382 nnapmstlcls
771 3331 967 3382 DIMETRIS·

176 3495 202 3549 l.
225 3487 497 3567 Cnnnnnnntnsons
513 3507 606 3566 genus
620 3499 832 3568 anapaestorum
845 3487 962 3547 dimetri
971 3497 1050 3547 sunt.
1079 3485 1123 3546 Hi
1132 3489 1258 3568 plerum.

136 3587 193 3648 que
205 3568 235 3626 in
249 3578 407 3648 systemata
421 3569 570 3650 conjuncti
583 3570 779 3630 inveniuntur.
819 3571 895 3634 Quae
907 3579 1065 3649 systemata
1085 3588 1175 3649 quum
1198 3581 1263 3631 tota

133 3669 187 3729 per
210 3649 341 3729 dipodias
366 3651 536 3723 decurrunt,
556 3662 588 3710 et
606 3671 692 3713 versu
706 3650 879 3711 catalectico
889 3650 1079 3722 clauduntur,
1101 3650 1232 3729 legitima
1245 3671 1264 3710 a

134 3731 244 3790 criticis
257 3731 379 3791 vocitari
399 3733 504 3794 solent.
544 3731 615 3791 I¹loc
636 3753 729 3812 genus
743 3732 889 3818 ⁴quoniam
911 3743 1015 3792 natura
1035 3741 1095 3791 sua*
1110 3744 1265 3792 actuosum

134 3823 190 3891 est,
210 3831 229 3872 a
247 3812 315 3872 solis
336 3825 506 3892 usurpatum
527 3825 572 3873 est
591 3814 715 3874 scenicis
726 3813 833 3895 poe'tis.
874 3813 1026 3894 Iidemque
1039 3815 1126 3879 etiam
1141 3815 1264 3874 alterum
1335 3841 1338 3848 ·

132 3912 236 3972 genus,
246 3895 325 3974 quod
334 3895 452 3954 liberius
462 3906 516 3968 est,
522 3894 726 3968 excoluerunt,
738 3915 857 3975 perraro
867 3896 903 3956 ab
915 3896 977 3956 aliis
987 3896 1081 3976 po'e’tis
1091 3895 1264 3956 adhibitum.

132 3974 282 4054 Legitima
294 3988 452 4056 systemata
465 3996 544 4036 nunc
558 3977 768 4058 antistrophica
776 3989 858 4051 sunt,
879 3998 959 4038 nunc
971 3998 1031 4037 non
1045 3990 1114 4038 sunt
1127 3978 1263 4039 antistro-

131 4058 229 4136 phica.
272 4055 419 4117 Praeterea
432 4057 488 4117 alia
502 4073 603 4118 eorum
617 4060 765 4119 communi
783 4059 924 4132 dialecto,
945 4059 1001 4120 alia
1024 4060 1137 4120 Dorica
1156 4060 1266 4139 scripta
1302 4116 1308 4136 ,

133 4147 213 4206 sunt,
234 4150 323 4216 prout
337 4140 461 4199 orationi
478 4151 706 4207 consentaneum
727 4153 781 4201 est.
822 4140 988 4200 Liberiores
1008 4152 1106 4202 autem
1130 4142 1171 4200 illi
1196 4159 1265 4200 ana

132 4218 218 4297 paesti
242 4220 414 4300 plerumque
436 4219 576 4282 Doricam
600 4222 759 4282 dialectum
778 4223 902 4283 habent
954 4225 1055 4302 Atque
1078 4242 1117 4283 ex
1139 4219 1265 4282 dialecto

123 4299 252 4377 ,videtur
266 4302 413 4364 interdum
428 4301 466 4364 de
479 4301 577 4375 modo,
598 4323 657 4384 qne
671 4303 878 4375 recitabantur,
889 4298 1071 4384 conjectura
1088 4305 1151 4364 fieri
1171 4321 1268 4386 posse.
