2694 4866
482 256 561 317 Lm.
577 255 616 316 ll.
639 254 731 318 CAP.
747 254 889 319 XXXIX.

192 424 297 482 Triviae
309 423 412 480 rotatur
422 423 489 495 ignia
501 443 509 481 a

192 497 288 564 cernis,
299 497 423 568 quotiens
435 498 478 551 hle
490 496 596 552 Triviae'
608 495 710 552 rotetur
721 495 788 567 ignis
800 517 808 552 r

190 588 240 624 nec
252 585 312 638 pars
323 567 381 622 baec
393 580 546 637 anapaeston
559 582 638 640 atque
650 570 760 631 iambos,

190 657 239 694 nec
252 657 305 693 non
318 649 346 693 et
358 638 536 694 catalecticam
549 656 706 709 supremam,

191 711 237 765 sed
245 720 331 764 sumat
342 709 494 780 poriambon
507 720 534 763 et
543 709 684 772 trochaeos,

191 779 272 851 segc!
291 781 332 835 tes
349 782 437 835 meum
455 780 482 834 la
497 778 503 849 Ι
521 782 625 834 bdrem:
646 842 649 849 ν

189 852 261 921 quod
274 861 358 906 metro
370 851 473 906 soleant
489 852 569 921 pedes
580 853 646 904 Ione

189 923 269 987 hunc,
281 923 370 992 longas
382 922 513 986 brevibus,
523 925 667 993 brevesque
676 930 769 975 contra

189 994 291 1047 alterna
301 995 359 1047 vice
371 993 563 1047 commodando
575 991 670 1062 longis,

189 1082 290 1119 versum
309 1064 432 1118 claudere
444 1081 514 1133 saepe
527 1064 560 1117 de
572 1063 704 1117 trocbaeis.

187 1154 238 1189 nec
249 1135 343 1189 mirum
355 1145 430 1205 puto,
441 1134 547 1204 quaudo
556 1135 641 1187 Varro
652 1150 744 1191 veram

188 1207 248 1270 hos,
260 1216 291 1259 ut
300 1206 423 1269 diximus,
431 1222 465 1257 ex
474 1207 539 1258 Ione
551 1215 629 1258 natos

188 1277 330 1346 distinguat
342 1293 452 1329 numero
464 1277 560 1345 pedum
572 1276 700 1331 minores.

1253 1382 1262 1407 lr

119 1414 202 1482 Quod
211 1423 298 1473 metro
311 1412 420 1473 soleant
431 1415 514 1493 pedes
528 1415 598 1476 Ione
610 1414 723 1493 scripsi,
738 1434 827 1494 quum
837 1417 985 1494 legeretur
998 1426 1113 1480 metron.
1142 1417 1211 1477 Reor·

116 1494 160 1572 pit
175 1494 355 1553 Gaisfordius
369 1496 406 1553 ad
421 1496 572 1573 Hephaest.
586 1516 615 1574 p.
630 1502 699 1558 328.
742 1497 853 1556 Eadem
869 1499 957 1559 tradit
980 1500 1093 1558 Mariua
1113 1498 1211 1558 Victori·

116 1594 171 1632 nus
185 1596 214 1653 p.
228 1580 316 1636 2601.
337 1595 397 1653 seq.
440 1576 507 1634 Non
521 1577 596 1635 male
610 1589 707 1636 autem
728 1578 840 1637 Varro:
868 1598 1043 1658 quamquam
1064 1582 1089 1639 si
1109 1579 1214 1640 Ionicia

116 1655 239 1725 minore,
255 1667 286 1714 ut
300 1676 387 1735 supra
400 1657 537 1729 diximus,
550 1658 681 1716 brevium
694 1659 870 1738 syllabarum
884 1680 951 1719 cum
965 1673 1107 1741 sequente
1120 1662 1169 1720 arsi
1180 1677 1215 1717 co·

117 1736 256 1796 haerentia
276 1739 312 1796 ab
334 1738 431 1796 alteris
446 1737 591 1809 differunt,
618 1738 726 1798 rectius
740 1759 838 1799 versus
855 1744 1075 1802 Anacreonteos
1096 1742 1217 1803 IouIcisa

116 1818 227 1878 minore
241 1819 502 1879 adnumerabimus.
544 1821 657 1879 Paucos
670 1821 747 1880 enim
761 1841 860 1880 versus
873 1823 904 1880 in
917 1824 1093 1883 carminibus
1109 1828 1218 1884 Anacre·

115 1901 176 1962 onti
190 1900 351 1979 adscriptis,
365 1899 413 1977 qui
429 1900 604 1958 connexioni
619 1901 659 1958 illi
674 1903 788 1961 obstare
802 1903 945 1975 videntur,
967 1915 1051 1963 tanto
1072 1904 1217 1965 credibilius

116 1996 161 2047 est
175 1994 325 2067 corruptos
339 1999 412 2056 esse,
434 2000 492 2065 quo
505 1983 588 2065 pejus
602 1981 700 2045 habita
714 1984 750 2046 ab
772 1983 894 2044 librariis
916 2004 979 2044 esse
999 1986 1162 2065 fragmenta
1177 1986 1219 2044 uu

116 2082 241 2131 constat.

159 2159 187 2214 3.
208 2153 278 2211 Duo
292 2170 362 2210 vero
374 2162 442 2210 suut
455 2151 567 2210 diversa
579 2170 678 2211 versus
693 2148 890 2210 Anacreontei
898 2166 1017 2226 genera,
1039 2169 1140 2221 unum,
1159 2142 1222 2227 quod

112 2232 276 2306 iambicam,
289 2234 422 2303 alterum,
444 2233 523 2311 quod
537 2233 738 2310 anapaesticam
752 2229 904 2290 anacrusin
924 2230 1031 2289 habet:
1054 2251 1121 2310 quae
1133 2247 1220 2289 caven·

11 2330 17 2351 ·’
112 2316 183 2375 dum
196 2327 240 2374 est
255 2334 292 2372 ne
306 2315 369 2393 quis
384 2315 552 2372 confundat.
588 2312 664 2371 Nam
677 2314 702 2371 si
715 2311 832 2391 quando
845 2330 904 2368 uno
917 2311 947 2367 in
962 2311 1091 2371 carmine
1105 2323 1135 2371 et
1147 2307 1221 2388 disyb

112 2397 179 2456 laba
193 2408 223 2464 et
233 2395 431 2472 monosyllaba
449 2395 596 2453 anacrusis
616 2394 770 2464 invenitur,
792 2392 991 2470 monosyllaba
1016 2411 1132 2471 semper
1148 2393 1219 2466 longa

116 2489 170 2547 est,
191 2477 326 2536 brevibus
341 2476 498 2534 contractis
519 2475 548 2531 in
570 2494 666 2533 unam.
708 2473 858 2552 Nusquam
879 2482 977 2531 autem
997 2474 1149 2532 anacrusiu
1167 2489 1219 2550 pro·

114 2559 225 2618 miscuo
239 2557 325 2614 modo
340 2575 378 2614 ex
398 2557 521 2625 duabus,
537 2556 623 2613 modo
638 2574 676 2612 ex
691 2574 749 2612 una
761 2555 842 2612 brevi
855 2554 963 2612 factam
977 2553 1119 2613 videmus.
1156 2553 1219 2610 Nam

113 2641 148 2699 in
162 2638 299 2707 carmine,
324 2637 404 2716 quod
418 2637 531 2697 XXVI.
554 2636 688 2694 estimet
703 2639 917 2707 Anacreontea‚
939 2647 990 2692 aut
1004 2647 1101 2694 totum
1121 2648 1218 2693 carmen

113 2719 233 2798 stropha
247 2730 301 2791 est,
316 2723 399 2797 cujus
413 2732 471 2778 tres
485 2716 623 2796 postremi
637 2736 735 2775 versus
750 2717 852 2775 diversi
867 2716 981 2794 generis
990 2729 1069 2784 suut,
1086 2728 1144 2787 aut,
1155 2708 1216 2792 quod
1258 2775 1260 2779 ,

112 2803 173 2863 veri
187 2801 306 2860 similius
320 2821 382 2859 esse
393 2803 527 2870 arbitror,
549 2812 608 2858 tres
625 2797 673 2856 isti
685 2817 784 2856 versus
796 2797 990 2875 fragmentum
1005 2807 1074 2855 aunt
1087 2792 1156 2857 allus
1167 2810 1216 2852 cas·
1258 2788 1262 2815 ‘¹

112 2884 208 2942 minis.
248 2883 354 2940 Dicam
369 2883 461 2958 primo
476 2881 512 2937 de
534 2880 583 2937 illo
607 2898 726 2956 genere,
747 2878 826 2956 quod
846 2878 997 2936 iambicam
1018 2877 1165 2938 anacrusiu
1176 2873 1214 2931 ha·
1257 2917 1260 2927 .

114 2965 176 3038 bet,
198 2982 262 3040 quae
277 2963 405 3020 cernitur
419 2961 529 3040 syllaba
541 2960 677 3039 ancipite.
718 2959 791 3037 Ejus
804 2959 868 3021 brac
881 2959 973 3019 forma
986 2968 1046 3022 est:
1255 2961 1261 2975 ²

193 3128 389 3178 cLvalc

112 3396 153 3455 Et
168 3416 256 3473 quum
267 3396 465 3474 amphibrachi
487 3415 554 3455 usus
568 3396 661 3456 multo
675 3395 713 3455 sit
724 3395 914 3474 frequentior,
930 3411 1015 3473 quam
1031 3396 1114 3472 cujus
1127 3391 1168 3451 illc
1177 3387 1207 3445 lo·
1251 3458 1262 3477 ,Α

111 3497 178 3536 curn
193 3489 284 3547 tenet,
299 3478 417 3556 dactyli,
433 3497 468 3536 ea
481 3498 513 3536 re
526 3479 636 3537 factum
650 3489 704 3549 est,
720 3489 752 3536 ut
765 3476 946 3554 grammatici
960 3474 1018 3535 hoc
1027 3488 1147 3534 metrum
1158 3484 1206 3529 cuu
1251 3472 1262 3507 '²'

111 3559 236 3616 iambico
262 3558 385 3618 dimetro
409 3560 580 3617 catalectico
605 3558 826 3625 confunderent,
850 3557 1010 3635 proesertim
1032 3577 1121 3635 quum
1139 3551 1207 3634 prima

111 3640 309 3718 amphibrachi
323 3641 434 3718 syllaba
446 3641 508 3699 fere
521 3659 635 3719 semper
648 3639 742 3699 brevis
756 3639 934 3718 reperiatur:

191 3771 257 3832 θέλω
272 3769 349 3845 λέγειν
363 3771 500 3854 Ἀτςηδαις.

52 3903 61 3913 “
111 3898 188 3991 Nam
203 3921 281 3976 sane,
306 3924 371 3982 quae
386 3905 601 3965 carminahanc
614 3907 736 3966 formam
759 3905 848 3964 solam
872 3905 991 3976 habent,
1009 3904 1081 3963 nihil
1102 3896 1212 3983 impelii·
1259 3910 1262 3917 '

109 3998 179 4054 qum
194 3983 323 4043 iambicis
337 3986 465 4044 versibus
478 3987 586 4063 scripta
598 3988 760 4048 videantur.
802 3986 953 4064 Ejusmodi
966 3997 1035 4046 sunt
1048 3986 1080 4043 in
1103 3989 1214 4045 Ancra
1260 3980 1262 3985 ’

109 4062 202 4120 outeis
219 4065 244 4124 l.
260 4067 301 4123 II.
326 4067 381 4125 lX.
396 4067 433 4124 X.
449 4067 503 4124 XI.
524 4067 595 4126 XII.
618 4069 703 4128 XIII.
727 4067 810 4128 XIV.
831 4068 913 4127 XVI.
939 4067 1039 4127 XVII.
1060 4068 1146 4127 XIX.
1163 4059 1216 4124 XX·

111 4142 257 4208 XXXIII.
272 4148 337 4207 XL.
359 4148 487 4207 XLVII.
502 4147 567 4207 LV.
590 4148 672 4209 LIX.
693 4151 786 4210 LXV.
811 4161 841 4209 et
854 4149 958 4226 fragm.
980 4148 1022 4208 II.
1042 4159 1074 4207 et
1088 4140 1217 4208 XXVIII.

110 4235 141 4280 et
155 4243 281 4297 carmen,
295 4229 374 4307 quod
388 4231 464 4289 inter
478 4228 654 4289 Theocritea
667 4242 720 4302 est,
735 4231 765 4288 in
778 4242 924 4290 mortuum
940 4229 1122 4301 Adonidem,
1136 4230 1162 4287 iu
1172 4241 1220 4307 qua

110 4324 199 4386 quum
209 4325 308 4369 omncs
319 4329 417 4372 vorsus
430 4309 576 4397 purissimi
588 4311 654 4385 sint,
666 4312 860 4399 'dubitandum
872 4312 996 4387 videtur,
1011 4331 1049 4371 an
1063 4332 1092 4374 v.
1103 4316 1154 4378 48.
