2694 4866
111 333 155 393 ss
266 325 349 389 trs.
368 314 411 403 11'.
431 326 527 391 car.
548 325 620 387 ΧΗ.
640 325 700 388 na
722 314 876 388 Marso
896 326 1094 392 rausrco.
1170 308 1174 320 '
1260 394 1262 417 ,

109 499 186 582 ipsas
200 497 280 558 nulla
293 509 347 568 est,
362 497 416 560 sibi
429 497 625 578 indulgentes.
666 497 754 564 Quod
768 497 792 556 si
803 497 920 577 quando
930 498 1009 578 apud
1018 499 1232 584 iambogrsphot
1260 570 1262 575 ,

109 583 199 643 etiam
210 582 243 653 ¹in
258 581 354 640 medio
367 601 453 642 versu
467 591 630 660 anapaestus
645 580 798 659 reperitur,
813 599 926 654 vereor,
940 601 978 641 ne
1001 581 1051 643 ille
1075 595 1189 645 tautum
1206 585 1231 644 in
1259 580 1262 627 l

111 663 323 724 recentioribus
336 663 489 744 minusque
504 663 590 722 cultis
605 662 698 741 poitis
710 661 849 722 ferendus
862 663 910 727 sit.

152 753 182 808 4.
205 744 318 805 Comici
332 757 440 816 autern,
452 763 511 824 quo
525 745 620 823 aptius
635 744 796 803 communis
810 744 951 805 sermonis
963 745 1083 808 libertas
1097 748 1229 829 exprime·

110 837 203 900 retur,
216 839 362 906 anapaesto
376 827 406 884 in
420 826 554 885 omnibus
567 826 649 898 locis,
663 837 790 906 excepto
801 825 914 901 ultimo,
928 827 1039 906 inquo,
1064 841 1097 889 ut
1111 831 1141 889 in
1165 828 1230 890 omni

111 928 246 969 versuum
261 928 380 988 genere,
398 927 489 987 purus
502 907 660 966 servandus
685 919 735 967 est·
752 927 900 982 numerus,
926 911 1068 969 utendum
1093 923 1229 992 putarunt

113 993 209 1058 Quem
223 1001 402 1068 annpaestum
426 1009 485 1048 non
506 989 637 1068 spondeo
661 1007 760 1067 parem
784 989 896 1063 haberi,
911 993 1048 1070 quoniam
1063 992 1151 1053 etiam
1163 993 1228 1053 inias

110 1072 183 1133 locis
197 1066 353 1144 invenitur,
369 1071 397 1129 in
412 1071 517 1150 quibus
531 1089 589 1129 non
604 1080 648 1130 est
658 1067 890 1148 spondebimus,
901 1072 954 1132 sed
968 1075 1064 1153 potius
1078 1095 1117 1135 ex
1131 1075 1227 1135 duabus

110 1154 246 1214 brevibus
260 1153 474 1214 irrationalibus
485 1162 515 1212 et
522 1170 582 1212 una
591 1152 680 1232 longa
689 1150 880 1235 compositum
893 1173 967 1227 esse,
981 1174 1070 1236 supra
1079 1156 1130 1218 lib.
1139 1158 1163 1217 Ι.
1175 1175 1227 1236 cap.

110 1241 141 1309 5,
157 1243 187 1298 2.
202 1235 392 1304 ostendimus

152 1323 181 1378 5.
206 1317 267 1376 Hic
289 1336 358 1376 vero
379 1314 541 1395 anapaestus
564 1314 626 1395 lpse
649 1334 766 1395 quoque
788 1315 896 1377 indicio
918 1328 976 1391 est,
996 1318 1035 1377 ad
1059 1319 1226 1380 trochaicum

110 1419 265 1458 numerum
280 1399 426 1477 pertinere
439 1417 538 1458 versus
552 1395 702 1463 iambicos.
745 1398 820 1457 Nam
835 1419 925 1478 quum
950 1411 1071 1479 recepto
1096 1412 1226 1482 anapesto

111 1480 238 1558 dipodiae
251 1480 395 1553 iambicae,
409 1480 433 1539 si
441 1479 696 1559 grammaticorum
706 1480 849 1541 rationem
858 1483 1015 1561 sequimur,
1030 1483 1096 1544 haec
1109 1498 1227 1559 mensum

111 1560 317 1623 constituenda
329 1561 376 1635 sit,

192 1703 211 1738 ῦ
221 1726 262 1779 ]-
300 1711 325 1741 υ
334 1727 375 1738 .-

192 1786 212 1820 ῦ
219 1793 267 1824 νυ
296 1793 344 1824 W
352 1808 394 1821 ..-

172 1839 265 1903 wl.
276 1843 281 1924 Ι

112 1963 193 2011 recte
207 1950 347 2032 conjungi
361 1964 480 2032 possent
493 1953 628 2034 dactylus
642 1965 730 2034 atque
744 1969 918 2036 anapaestus,

192 2075 266 2142 ..ὦ
276 2111 300 2141 υ
340 2111 364 2142 υ
372 2112 395 2141 υ
405 2127 446 2138 .-

112 2200 284 2279 Eodemque
298 2199 386 2258 modo
401 2220 490 2279 quum
505 2199 669 2259 tribrachus
682 2220 735 2279 pro
750 2200 846 2262 iambo
861 2201 972 2282 positus
986 2203 1016 2262 in
1025 2204 1123 2266 media
1131 2202 1223 2284 syllaba

110 2281 202 2342 ictum
215 2282 325 2342 habere
339 2281 454 2353 debeat,
470 2294 552 2341 recte
565 2281 614 2340 hic
628 2301 746 2362 quoque
766 2303 818 2363 pes
843 2297 1021 2364 anapaestum
1043 2287 1224 2366 precederet:

181 2404 286 2470 ὐόυ
325 2437 434 2467 νυ..

112 2521 207 2598 Atqui
229 2531 386 2597 utrumque
406 2519 510 2578 falsum
534 2537 598 2579 esse
625 2518 807 2598 intelligitur,
830 2524 854 2582 si
877 2526 1061 2585 trochaicum
1084 2541 1248 2589 nnmerum¹

110 2603 259 2674 adhibeas,
275 2600 343 2679 quia
355 2601 409 2672 sic,
424 2601 503 2679 quod
516 2600 579 2660 fieri
592 2621 652 2662 non
666 2613 775 2684 potest,
788 2625 842 2684 pro
857 2608 988 2668 trochaeo
1002 2607 1226 2688 proceleusmati·

110 2704 163 2744 cus
176 2695 355 2765 poneretur:

268 2801 275 2824 l

191 2801 449 2886 ΞΙυυυυΙ-

111 2919 179 2980 Jam
192 2939 272 2990 vero,
287 2928 321 2977 ut
334 2918 444 2996 primus
458 2917 621 2977 observavit
636 2917 787 2978 Dawesius
801 2922 830 2978 in
856 2921 1054 2984 Miscellaneis
1078 2926 1185 2988 criticis
1203 2927 1243 3006 p.

110 3003 181 3060 250.
201 3019 297 3079 neque
319 2998 437 3076 dactylo
461 3018 557 3077 neque
581 3000 729 3059 tribracho
753 3003 907 3080 subjicitur
927 3019 1109 3085 anapaestusr
1130 3029 1167 3069 ex
1181 3025 1234 3088 quo

1 3079 3 3083 ⁸
110 3093 242 3159 apparet,
264 3082 326 3158 ipsa
344 3085 494 3157 poetarum
508 3081 684 3141 auctoritate
705 3086 887 3161 comprobari
901 3099 1029 3147 nostram
1055 3092 1232 3160 sententiam,

110 3182 267 3238 numerum
291 3161 447 3219 iambicum
470 3172 574 3221 natura
595 3182 648 3222 sua
671 3164 854 3225 trochaicum
878 3187 951 3242 esse,
976 3170 1005 3228 in
1027 3171 1237 3250 quaeantentia

109 3243 166 3303 fuit
181 3244 267 3303 etiam
290 3241 450 3314 Bentleius,
471 3243 575 3324 injuria
595 3244 787 3324 reprehensus
802 3250 839 3308 ob
854 3269 918 3308 eam
939 3270 1001 3311 rem
1024 3254 1060 3310 ab
1084 3253 1234 3314 Reizioin

110 3325 324 3397 dissertatione,
349 3344 406 3404 qua
422 3327 621 3384 Burmannum
635 3326 673 3385 de
688 3327 815 3389 Bentleii
828 3330 962 3392 doctrina
974 3334 1098 3394 metrica
1107 3338 1234 3414 judicare

110 3427 171 3467 non
185 3407 313 3488 potuisse
328 3407 465 3466 ostendit.
506 3407 595 3474 Quod
605 3408 629 3467 si
638 3408 824 3470 nihilominus
833 3431 1050 3494 nonnumquam
1061 3416 1235 3487 tribrachum

110 3501 274 3570 anapestus
288 3487 410 3567 excipit,
425 3488 455 3548 id
469 3509 527 3568 qua
541 3490 606 3567 lege
630 3500 661 3548 et
683 3490 852 3553 conditione
875 3494 936 3568 fiat,
961 3497 1037 3557 infra
1059 3497 1090 3556 in
1103 3499 1237 3561 trimetris

109 3573 281 3634 videbimus.
311 3570 474 3648 ¹Bentleius
489 3571 607 3650 quidem
630 3590 688 3630 non
711 3571 815 3634 leviter
828 3577 943 3647 erravit,
959 3598 1050 3656 quum
1064 3580 1094 3638 in
1110 3581 1238 3645 Terentii

112 3658 241 3739 Adelph.
258 3653 314 3714 IV.
332 3657 359 3727 l,
378 3659 423 3714 ll.
438 3653 732 3734 proceleusmaticum
746 3654 914 3718 admitteret
927 3659 985 3720 hoc
998 3660 1029 3718 in
1041 3663 1139 3734 versu,

215 3774 318 3848 rogdbit
329 3793 381 3842 me,
392 3775 441 3831 ubi
453 3775 558 3842 fuerim,
575 3791 654 3847 quem
666 3793 716 3847 ego
727 3776 809 3833 hodie
820 3778 879 3833 toto
890 3796 945 3833 non
958 3780 1012 3835 vidi
1024 3779 1076 3838 die.

109 3884 158 3946 lbi
171 3883 217 3943 vel
232 3880 319 3950 ictus,
334 3879 363 3936 in
365 3880 479 3958 fuerim
494 3899 554 3937 non
568 3879 619 3953 ita,
641 3881 683 3939 nti
698 3881 835 3955 debebat,
850 3883 1020 3957 collocatus,
1037 3885 1075 3947 de
1088 3888 1160 3950 vitio
1174 3908 1239 3951 eum

111 3965 268 4025 admonere
283 3960 418 4021 debebat.
461 3960 573 4032 Scribe,
588 3961 687 4051 deleto
700 3963 793 4036 hodie,

216 4079 319 4150 rogabit
329 4096 381 4147 me,
392 4076 439 4132 ubi
455 4076 558 4146 fderirn,
575 4097 654 4150 quem
666 4098 716 4151 ego
727 4081 786 4137 toto
798 4100 853 4138 non
870 4083 925 4142 vidi
942 4085 994 4167 die.

110 4190 165 4254 Me
179 4196 208 4246 et
219 4202 299 4264 qaam
313 4201 372 4241 non
386 4181 544 4242 eliduntur.
610 4205 617 4211 ·

150 4274 181 4330 6.
203 4267 314 4327 Contra
327 4283 364 4325 ex
379 4263 634 4342 grammaticorum
648 4265 793 4327 sententia
806 4288 860 4347 pro
873 4269 970 4330 iambo
984 4292 1043 4334 non
1057 4283 1155 4352 potest
1171 4295 1242 4355 pro·

111 4344 334 4416 celemmaticus
355 4346 434 4424 poni.
475 4348 520 4407 At
534 4364 612 4407 eum
634 4347 741 4431 pedem
763 4348 794 4409 in
813 4350 988 4415 Latinorum
1008 4367 1090 4417 certe
1110 4357 1243 4422 versibus
