2694 4866
304 286 362 347 nn
378 280 586 376 vnasmus
607 283 916 351 ssrnaarnrrs.
1118 290 1178 351 sss

79 456 215 518 raestionis
238 474 268 535 p.
281 459 332 517 52.
356 457 439 540 (88.)
463 468 536 538 quot
560 459 677 518 omnino
690 459 792 518 formae
806 457 928 539 cogitari
941 467 1174 537 asyuattetorum
1265 516 1268 520 .

79 540 171 612 meist,
191 537 312 598 definire
326 549 460 602 conatur.
502 541 607 620 Neque
621 541 735 600 diversa
748 551 792 600 est
806 543 891 611 ratio,
905 557 963 620 qua
976 539 1089 600 Marias
1103 541 1174 600 Vic-

79 621 160 680 rinus
175 642 203 701 p.
219 623 309 681 2552.
323 640 402 701 seqq.
418 635 448 683 et
462 625 552 687 2587.
565 643 647 702 seqq.
660 623 697 683 de
710 623 768 682 hoc
781 642 891 701 genere
904 625 1038 681 versuum
1053 621 1176 683 disserit.

82 703 160 763 otius
181 720 249 762 vero
269 724 298 782 p.
328 706 419 768 2664.
439 700 620 785 asynartctos
640 724 699 764 non
720 706 807 764 modo
828 725 895 764 cum
913 703 1176 783 polyschematistis

79 785 212 856 mfundit,
227 784 278 844 sed
292 803 342 844 eos
356 805 472 867 quoqne
492 806 593 847 versus
605 787 661 847 hac
676 787 870 866 appellatione
892 785 1124 864 comprehendit,
1145 785 1177 845 in

79 865 153 926 ribus
166 867 273 925 solutio
287 867 384 947 aliqua
397 870 521 929 admissa
533 870 583 929 sit:
604 888 642 928 ex
669 888 727 949 quo
747 869 815 928 satis
829 868 1010 947 intelligitur,
1030 885 1134 946 parum
1148 867 1176 926 el

79 949 197 1027 gnitum
210 948 315 1007 horum
329 969 464 1010 versuum
479 962 611 1010 naturam
625 950 723 1011 fuisse.
760 1008 762 1012 s

84 1036 115 1090 2.
138 1031 237 1089 Multo
251 1031 360 1091 rectius
376 1035 413 1093 R.
428 1033 587 1105 Bentleius,
611 1033 655 1090 vir
677 1032 807 1092 metricae
827 1049 944 1112 quoque
963 1031 1033 1090 artis
1054 1029 1177 1090 scientia

79 1112 183 1185 imius,
197 1122 428 1192 asynartetorum
443 1126 576 1174 naturam
599 1127 805 1194 perspexeratr
826 1114 864 1173 de
886 1133 944 1192 qua
965 1123 1102 1172 accurate
1123 1132 1176 1172 ex·

79 1194 150 1253 icuit
171 1194 210 1253 ad
231 1197 337 1256 Horat.
360 1197 447 1276 epod.
470 1199 524 1257 XI.
546 1215 606 1255 non
629 1208 737 1268 tamen,
760 1208 793 1257 ut
816 1196 903 1276 plane
922 1214 984 1255 rem
998 1192 1176 1254 exhauriret.

79 1295 125 1335 am
140 1276 164 1334 si
177 1295 276 1335 versus
290 1279 448 1357 asynarteti
462 1296 500 1338 ex
515 1279 629 1337 duobus
649 1279 695 1338 vel
715 1279 845 1358 pluribus
859 1275 1008 1338 versiculis
1029 1287 1174 1349 constant,

79 1356 127 1416 illa
140 1358 295 1418 verborum
308 1361 504 1439 perpetuitate
512 1361 634 1440 junctis,
648 1361 774 1439 ideoque
787 1360 817 1418 in
839 1360 1028 1420 commissura
1050 1357 1177 1437 partium

88 1439 231 1519 syllabam
245 1440 401 1519 ancipitem
415 1454 446 1502 et
459 1443 570 1502 hiatum
584 1442 769 1515 habentibus,
784 1462 843 1502 non
856 1452 954 1522 potest
968 1439 1100 1518 intelligi,
1122 1457 1175 1498 cur

80 1521 209 1580 iusmodi
223 1533 316 1581 metra
335 1543 394 1583 nno
407 1543 492 1583 versu
506 1523 723 1604 comprehendi,
739 1542 798 1584 non
811 1524 842 1582 in
855 1523 953 1602 plures
966 1520 1106 1600 distingui
1126 1520 1178 1579 de·
1233 1526 1245 1537 *

80 1612 146 1662 ant.
188 1603 306 1662 Etenim
329 1606 389 1664 duo
401 1606 546 1684 versiculi,
569 1607 745 1667 cohaereutia
758 1607 818 1678 illa,
831 1625 918 1684 qnam
932 1604 1066 1678 corticum
1081 1602 1179 1673 Greci

81 1695 164 1757 cant,
179 1697 322 1759 carentes,
342 1707 402 1747 non
415 1688 511 1747 minus
523 1689 583 1747 duo
597 1699 675 1761 sunt,
696 1690 720 1747 si
734 1707 793 1746 uno
806 1706 891 1746 versu
907 1685 1068 1764 conjuncti,
1089 1702 1177 1763 quam

79 1767 114 1824 in
129 1765 203 1824 duos
217 1767 335 1826 discreti
348 1769 523 1829 scribuntur.
566 1772 613 1829 Ex
637 1789 695 1849 quo
719 1778 958 1845 consequeretur,
982 1767 1111 1844 ineptam
1125 1783 1176 1844 ap·

79 1846 233 1907 llationem
247 1867 320 1921 esse,
335 1870 400 1929 quae
413 1851 450 1909 ab
465 1870 496 1909 re
510 1850 595 1929 plane
608 1850 729 1909 fortuita
742 1863 818 1910 esset
828 1850 961 1929 repetita.
1004 1847 1178 1925 Eodemque

79 1929 136 1988 odo
151 1929 222 2007 quid
236 1928 389 2010 impediret
412 1933 540 2011 integras
564 1931 697 2011 strophas
717 1931 747 1989 in
762 1950 852 1991 unum
866 1929 1045 2009 praelongum
1059 1947 1175 1987 versum

81 2012 249 2089 njungere?
290 2015 364 2079 Quae
389 2030 479 2091 quum
503 2015 545 2072 ita
563 2014 631 2086 sint,
646 2011 917 2074 nondubitandum
932 2030 995 2072 esse
1008 2020 1090 2089 puto,
1105 2010 1177 2088 quin

79 2093 138 2170 igis
153 2093 305 2153 recondita
318 2095 449 2173 quedam
471 2113 573 2154 caussa
594 2090 694 2168 luerit,
717 2112 808 2175 quare
828 2094 958 2153 versibus
978 2091 1040 2152 istis
1053 2092 1110 2151 hoc
1125 2109 1176 2150 no·

79 2195 113 2235 en
128 2173 336 2252 imponeretur,
351 2195 444 2257 eaque
458 2176 532 2247 talis,
548 2187 582 2236 ut
591 2196 629 2237 ne
638 2177 788 2258 potuerint
796 2176 912 2257 quidem
923 2175 953 2233 in
966 2174 1065 2254 plures
1077 2191 1178 2232 versus

79 2255 191 2316 stribui.

83 2345 116 2402 3.
140 2337 245 2416 ltaque
258 2357 356 2399 veram
370 2340 513 2400 rationem
533 2352 766 2421 asynartetorum
786 2341 863 2401 hanc
884 2359 947 2400 esse
967 2350 1049 2418 puto,
1071 2346 1105 2395 ut
1119 2337 1178 2397 duo

79 2417 172 2491 meri,
185 2421 245 2479 sive
258 2419 323 2498 quis
343 2422 501 2482 versiculos
522 2422 621 2483 dicere
644 2423 736 2494 malit,
751 2423 918 2483 cohaereant
931 2421 1057 2500 quidem,
1074 2438 1179 2477 unum·

79 2520 105 2560 ‚e
118 2518 234 2560 versum
249 2500 383 2577 efficiant,
398 2504 450 2564 sed
463 2503 611 2564 vinculum
621 2504 692 2564 illud
702 2505 795 2564 laxius
805 2505 853 2579 sit,
867 2515 898 2564 et
910 2502 1030 2581 negligi,
1044 2501 1068 2559 si
1081 2502 1178 2579 poie'tae

79 2585 159 2652 beat,
173 2584 351 2662 perpetuitas
365 2587 519 2646 verborum
534 2586 633 2663 possit.
675 2587 755 2647 Nihil
769 2588 839 2646 huic
863 2585 905 2645 rei
925 2581 1108 2643 declarandae
1127 2601 1178 2660 ap·
1229 2616 1231 2623 π

79 2685 105 2724 rs
118 2664 241 2723 inveniri
255 2676 363 2744 potest,
377 2687 464 2745 quam
478 2667 645 2747 exemplum
658 2669 839 2728 comicorum
858 2665 1042 2736 Latinorum,
1063 2664 1123 2743 qui,
1144 2673 1179 2722 ut

79 2764 139 2825 pra
167 2745 271 2825 sapius
295 2749 479 2808 observatum
504 2759 560 2822 est,
584 2750 614 2807 in
636 2750 812 2810 tetrametris
839 2746 1007 2818 trochaicis,
1035 2745 1176 2815 iambicis,

79 2827 229 2906 apaesticis
242 2827 319 2888 hanc
332 2830 423 2908 ipsam
437 2831 590 2903 rationem,
606 2850 693 2910 quam
708 2832 854 2912 propriam
868 2848 932 2890 esse
945 2835 1178 2908 asynartetorum

79 2908 136 2968 >do
151 2909 288 2981 diximus,
301 2912 399 2972 multis
413 2910 555 2992 exemplis
569 2913 772 2992 comprobant.
814 2912 890 2974 Satis
904 2908 970 2984 erit,
991 2910 1021 2967 in
1035 2927 1094 2969 nno
1114 2927 1177 2968 rem

81 2990 221 3051 clarasse.
262 2991 384 3051 Plautus
404 2993 434 3051 in
457 2993 606 3074 Amphitr.
619 2995 645 3054 I.
662 2999 688 3064 1,
705 2999 754 3056 35.

120 3109 168 3181 qui
178 3109 263 3165 multa
274 3109 403 3166 Thebano
414 3112 496 3183 poplo
507 3111 632 3168 -acerba
652 3112 750 3184 objecit
760 3112 861 3168 funera.

79 3223 163 3294 perte
187 3213 236 3272 hic
258 3233 359 3273 versus
379 3226 563 3295 asynartetus
584 3227 639 3290 est,
662 3227 695 3275 ut
715 3216 812 3276 hiatus
839 3223 1008 3289 monstrat„
1039 3209 1129 3278 Quod
1155 3210 1180 3268 si

79 3314 149 3354 nnea
163 3294 211 3353 isti
225 3314 325 3354 versus
337 3297 504 3375 hujusmodi
518 3308 625 3370 essent,
650 3308 701 3357 aut
721 3297 823 3356 saltem
847 3297 967 3356 verbum
992 3295 1022 3351 iu
1045 3293 1179 3351 omnibns

79 3396 117 3434 rm
131 3387 237 3454 quarto
257 3376 353 3436 iambo
367 3379 509 3449 liniretur,
524 3378 590 3458 quis
602 3378 759 3451 dubitaret,
781 3379 830 3458 qui
850 3396 930 3436 nunc
950 3373 1112 3436 tetrametri
1125 3373 1177 3431 ha·

79 3469 164 3527 entur,
179 3458 309 3536 singulos
323 3459 426 3519 induo
440 3458 579 3520 dimetros
599 3458 796 3540 distinguere?
838 3462 881 3519 At
902 3476 991 3539 quum
1005 3456 1093 3516 etiam
1107 3454 1179 3514 tales

79 3537 240 3611 veniuntur,
255 3541 347 3620 qualis
360 3552 405 3600 est
418 3562 446 3602 r.
460 3546 509 3604 39.

119 3655 227 3727 re‘gique
239 3654 368 3713 Thebano
379 3658 491 3714 Creonti
502 3656 612 3731 regnum
623 3659 750 3716 stabilivit
760 3677 846 3726 snum,

81 3755 234 3817 anilestnm
256 3770 310 3831 est,
334 3760 418 3820 binos
442 3781 531 3821 unum
556 3762 733 3823 constituere
756 3781 888 3823 versum:
908 3760 959 3840 qui
981 3759 1019 3820 ob
1039 3758 1070 3816 id
1083 3756 1179 3836 ipsum

79 3850 234 3916 rynartetus
256 3853 389 3914 vocatur,
414 3843 482 3921 quia
501 3856 598 3924 partes
619 3847 682 3923 ejus
697 3845 845 3905 cohaerent
859 3843 987 3923 quidem,
1007 3838 1060 3900 sed
1080 3851 1179 3899 tamen

79 3936 119 3979 no
133 3921 262 3996 vinculo,
276 3935 319 3998 ut,
334 3924 358 3982 si
371 3924 498 4004 placeat,
512 3927 600 3986 etiam
613 3942 666 4006 pro
680 3944 740 3985 non
754 3924 967 3986 coherentibus
987 3921 1089 3982 haberi
1111 3939 1179 4000 pos·

80 4011 119 4062 nt.
420 4022 422 4029 ’

92 4086 120 4140 4.
136 4083 185 4143 Ex
198 4082 438 4165 his'intelligitur,
453 4089 537 4150 valde
550 4107 658 4168 anceps
672 4106 735 4151 esse
745 4089 887 4172 judicium
901 4087 939 4148 dc
951 4085 1082 4146 versibus
1095 4102 1182 4164 asyn-

79 4165 161 4225 rtetis.
214 4166 291 4226 Nam
313 4187 410 4250 oeque
432 4185 542 4244 omnes,
567 4173 617 4253 qui
649 4191 688 4232 ex
709 4171 827 4237 diversis
850 4169 999 4229 ordinibus
1027 4166 1181 4244 compositi
1215 4185 1220 4193 ·

79 4257 131 4320 tut,
151 4248 302 4322 continuo,
324 4260 357 4310 nt
377 4254 572 4330 grammaticis
592 4254 712 4332 placuit,
726 4252 884 4333 asynarteti
902 4261 999 4323 erunt,
1015 4249 1067 4308 sed
1080 4248 1101 4305 ii
1114 4258 1179 4306 tan.

79 4340 123 4402 rm,
137 4328 167 4389 in
182 4334 307 4412 quorum
321 4334 515 4398 commissuris
529 4338 661 4416 cordetuo
674 4335 783 4420 negligi
796 4346 968 4398 conoessum
982 4342 1040 4394 ests
1061 4342 1180 4410 quaeres

1215 4546 1273 4559 -—
