2694 4866
395 235 454 299 on
476 235 618 303 vorsu
638 236 869 305 surorum.
1130 258 1195 320 405
1229 182 1235 189 ⁵

110 418 159 474 14.
182 408 232 471 Ad
245 417 380 488 quonum
393 407 498 469 librum
512 409 634 472 fortune
656 410 842 472 referendum
860 421 916 486 est,
930 415 1009 495 quod
1024 407 1194 487 prigeimfig
1231 367 1232 377 .

67 495 122 554 VI.
136 495 206 558 679.
220 510 259 551 ex
272 490 348 550 Livii
363 491 601 571 Qdyssenaffert.
1094 509 1105 519 .

137 642 537 667 ··········
571 617 651 681 atque
665 625 738 666 escas

23 700 43 713 -
74 750 76 755 Α
134 677 443 735 habemusmentionem.

64 760 261 843 Consentiunt
273 780 338 841 libri
351 781 382 838 in
394 779 534 842 habemns.
576 780 634 842 Sed
647 781 703 840 nisi
715 782 816 844 Livius
836 785 866 844 in
886 786 974 847 alium
995 787 1091 850 iocum
1112 789 1190 852 hane

62 863 265 944 loquutionem
279 861 387 934 intulit,
403 881 488 941 quam
502 862 532 921 in
547 882 605 941 quo
623 863 701 943 apud
722 865 885 925 Homerum
906 869 1066 945 invenerat,
1086 871 1189 934 haden-

63 961 125 1006 snns
139 964 206 1005 eum
220 943 367 1023 scripsisse
381 942 564 1006 crediderim.
604 944 753 1005 Homerus
766 967 794 1007 v.
807 953 876 1010 213.

144 1075 237 1160 dignun
251 1073 274 1136 d*
287 1077 383 1150 ἰξαῧτις
395 1076 557 1156 μνησόμεθα.

62 1189 166 1269 Festus
179 1190 210 1248 in
223 1211 251 1252 v.
265 1191 436 1272 nequinont:
457 1192 559 1251 Livius
571 1191 601 1250 in
615 1192 754 1272 Odyssia:

124 1324 142 1360 ’.
176 1345 185 1362 .
221 1305 314 1377 partim
327 1316 425 1373 errent,
436 1306 584 1377 nequinont
596 1305 736 1362 Greeciam
749 1308 844 1365 redire.

60 1412 97 1473 In
110 1410 188 1507 Livii
200 1411 295 1471 verbis
309 1431 362 1507 pro
376 1411 532 1506 nequinont
551 1411 658 1492 legitur
681 1432 770 1494 neque
790 1435 873 1476 nnnc.
914 1416 1086 1506 Homerus.
1098 1437 1187 1502 quem

10 1558 16 1565 ,
59 1494 178 1555 liberius
192 1505 335 1573 expressrt
349 1493 458 1566 Lumo,
472 1512 499 1553 v.
513 1498 584 1556 495.

140 1613 236 1670 πολλοὶ
245 1609 289 1686 μὶν
302 1612 356 1691 γὲ(
369 1607 442 1670 ruinis
454 1608 543 1686 inipso,
557 1616 654 1672 minoi
665 1608 691 1671 ii
704 1611 816 1671 λίποντο.

57 1722 118 1870 &dl
124 1723 260 1784 eumdem
272 1722 378 1782 librum
393 1723 541 1803 pertinere
561 1723 677 1784 videtur
695 1725 754 1785 hoc
774 1704 853 1805 opud
874 1725 1055 1789 Priscianum
1077 1731 1131 1791 VI.
1154 1751 1184 1812 p.

128 1959 398 1979 .......
434 1920 526 1977 eineis
537 1939 603 1995 puer
616 1920 733 1989 Saturni3
841 1975 843 1979 .

128 1992 302 2064 fllinregion.

57 2095 207 2156 Homerus
221 2093 291 2154 nihil
305 2094 384 2155 alind
397 2112 484 2175 quem
498 2095 665 2180 xinaae‘irgn
678 2117 705 2159 v.
719 2101 791 2160 513.
832 2097 998 2160 Priscianus
1011 2101 1065 2163 vl.
1073 2120 1104 2181 p.
1114 2105 1184 2166 685.

60 2178 124 2238 sine
137 2177 234 2257 operis
247 2176 363 2239 indice:

31 2296 37 2303 “
127 2331 136 2347 .
174 2331 183 2351 .
218 2294 289 2365 apud
302 2292 442 2366 nympham
455 2291 668 2351 Atldntisiiliam
680 2295 867 2368 Calypsonem.

53 2396 204 2457 Homerus
218 2416 245 2456 v.
259 2399 328 2461 557.
346 2398 394 2480 (et
406 2423 424 2458 ι.
443 2401 489 2456 14.
504 2426 529 2482 g.
546 2397 630 2480 143.)

111 2536 117 2542 ·
137 2512 230 2591 vincon
245 2514 412 2597 nnuman
426 2513 581 2589 Karnion.

53 2623 215 2688 Diomedes
229 2628 254 2687 1.
267 2649 297 2709 p.
311 2635 380 2691 366.
394 2627 560 2715 Priscisnus
574 2629 630 2691 lx.
641 2650 672 2709 p.
686 2634 755 2692 861.
770 2642 800 2690 et
814 2629 853 2692 X,
865 2651 896 2710 p,
910 2637 980 2695 904,
1069 2626 1079 2653 *-

123 2800 349 2819 ......
383 2760 517 2817 nexibsnt
528 2761 612 2818 multu
622 2761 693 2818 inter
704 2778 733 2818 se

120 2832 196 2890 flexu
206 2833 338 2890 nodorum
354 2833 444 2891 dnbio.

52 2953 214 3016 Diomedes
226 2965 340 3015 tantum
360 2956 449 3014 verba
464 2955 600 3016 nerebent
622 2953 709 3016 multa
730 2956 807 3016 inter
826 2976 856 3019 re
876 2955 975 3016 affert:
996 2954 1048 3015 sed
1071 2954 1180 3036 legitur

52 3035 202 3098 nenabunt.
245 3037 335 3117 Apud
350 3036 541 3109 Priscisnnm,
555 3057 643 3117 quem
657 3058 716 3097 non
728 3037 848 3115 dubium
860 3049 904 3099 est
916 3037 1053 3099 nesciant
1063 3037 1183 3117 legisse.

51 3116 192 3197 inpriore
204 3116 271 3178 loco
285 3117 422 3178 nenebnnt
440 3130 471 3178 et
484 3139 541 3179 rese
555 3119 622 3179 edd.
644 3120 713 3179 Ald.
736 3119 857 3178 Putsch.
878 3131 909 3178 et
932 3119 1013 3189 aliae3
1032 3119 1063 3176 iu
1085 3120 1179 3181 altero

50 3198 190 3261 maban
211 3210 243 3258 et
265 3219 305 3260 se.
326 3198 421 3260 Codd.
443 3199 566 3258 Paullini
590 3211 716 3279 utroque
735 3200 802 3259 loco
822 3201 972 3272 nennbant,
993 3210 1022 3259 et
1043 3199 1116 3259 liber
1137 3201 1178 3261 D.

52 3280 158 3341 dneobi
179 3281 296 3360 quidem
317 3280 471 3360 utrobique
495 3301 539 3339 se:
563 3281 628 3340 cod.
651 3280 797 3340 secundus
819 3289 916 3340 eutem
942 3281 971 3338 in
995 3278 1091 3359 priore
1109 3281 1177 3361 lopo

52 3361 122 3420 nihil
137 3360 191 3420 nisi
205 3362 345 3421 nenabant
365 3361 463 3422 molta.
486 3361 580 3422 Codd.
600 3358 743 3422 Zwicc'av.
765 3361 852 3420 ambo
871 3360 901 3419 in
925 3360 1085 3440 posteriore
1108 3362 1176 3422 loco

52 3441 209 3512 newbnnt3
231 3446 261 3500 in
275 3443 371 3525 priore
386 3441 532 3501 secundus
546 3442 690 3514 nunciant,
706 3443 785 3521 quod
799 3442 909 3522 primns
929 3460 1056 3521 quoque,
1070 3441 1101 3499 in
1114 3461 1174 3520 quo

43 3522 190 3601 „nesabnnt
202 3524 342 3603 scriptum
355 3524 462 3596 fuerat,
477 3535 506 3583 et
521 3543 559 3582 ex
575 3524 757 3584 correctione
771 3525 872 3604 primae
883 3542 995 3596 manus,
1018 3533 1048 3582 et
1067 3522 1174 3583 iterum

45 3602 290 3686 suprascriptum
304 3605 402 3665 habet.
445 3606 544 3664 Ambo
558 3613 683 3684 utroque
693 3607 760 3667 loco
770 3607 846 3665 inter
854 3625 894 3665 re.
904 3606 1054 3705 Homerus
1064 3623 1091 3662 v.
1101 3608 1174 3669 678.
1297 3668 1299 3673 ,

450 3743 474 3800 οἱ
486 3738 508 3800 δ’
521 3712 599 3800 isirin
610 3745 684 3817 pinu
693 3738 810 3814 ’ὕφαιμοι

48 3947 63 4009 1
85 3871 137 4012 ἐξ.
157 3870 269 3938 Quinto
281 3871 356 3932 libro
369 3870 433 3931 haec
447 3870 602 3932 tribuenda
614 3869 758 3931 videntur.
785 3891 788 3898 ·
800 3871 892 3951 Apud
907 3869 1038 3930 Servium
1048 3867 1086 3927 ad
1100 3866 1171 3928 AEn.

159 4104 341 4126 .....
375 4070 455 4142 igitur
466 4071 571 4127 demum
583 4068 658 4127 Ulixi

115 4156 163 4194 cor
174 4138 248 4195 frixit
259 4158 314 4212 prae
325 4143 431 4213 pnv6re.

49 4236 159 4305 Eadem
180 4245 270 4304 verba
292 4244 380 4305 etium
404 4244 550 4325 integrum
573 4263 699 4319 versum,
723 4241 776 4305 sed
799 4261 866 4303 eum
887 4240 983 4302 minus
1005 4240 1168 4323 elegantem
1192 4284 1195 4290 ·
