2694 4866
110 275 172 337 aar
213 273 294 336 un.
315 270 670 336 111.0AP.V111.1>13
691 270 812 335 vans.
833 268 1150 367 asunsnnnms.

114 449 186 528 ιίςῖἰς
211 444 276 505 cod.
298 443 420 505 Monac.
434 445 464 513 ὣς
478 442 543 527 iga,
554 476 563 514 ς
585 445 614 502 in
628 441 770 514 secundo,
784 441 852 504 cod.
873 443 909 504 C.
930 443 965 505 als
986 448 1079 528 3325,
1101 445 1152 505 ed.
1171 444 1233 505 Flm

114 528 149 587 B.
164 537 195 586 et
215 526 283 586 cod.
299 526 418 586 Monac.
433 529 538 609 trigae.
580 524 693 584 Tacent
707 524 803 583 critici
816 536 905 604 atque
918 524 1107 605 interpretes,
1129 545 1183 589 nec
1194 526 1234 587 do·

113 619 194 679 cent,
210 607 281 686 quid
294 607 353 667 hoc
365 608 466 667 formae
479 608 527 677 sit,
541 605 616 690 algas,
632 605 689 664 hac
707 607 867 686 praesertim
887 625 1038 668 mensura.
1080 608 1235 689 Suspicettn

114 688 179 768 quis
193 688 322 758 forsitan,
337 690 413 773 algu,
429 688 507 767 quod
522 687 587 747 libri
600 688 732 747 nonnulli
745 688 866 760 hahent,
876 687 914 746 ad
924 691 1012 772 uigiles
1024 688 1150 762 ducere,
1164 708 1236 769 quun

113 797 133 829 u
147 790 236 848 supra
247 771 386 849 scriptum
402 769 486 829 facile
500 769 595 829 omitti
609 769 749 849 potuerit.
790 768 850 830 Sed
870 788 962 848 quum
975 770 1045 832 cod.
1060 773 1098 831 C.
1124 771 1175 850 qui
1195 789 1236 829 se·

113 852 178 930 pius
186 852 278 911 bonas
287 851 428 911 lectiones
438 851 572 923 servavit,
583 856 647 933 ἆςῖἱ
658 852 688 910 in
702 851 796 931 primo
809 869 895 911 versu
902 851 1045 930 praebeat,
1059 854 1164 913 nescio
1176 851 1236 911 anid

114 944 242 1013 utroque
253 933 283 990 in
303 951 390 992 versu
404 933 604 1012 reponendum
616 933 663 993 sit.
706 934 819 995 Mirum
832 944 913 993 certe
926 934 1015 1005 foret,
1037 934 1070 993 ni
1086 934 1235 1004 AEolensea,

111 1015 163 1095 qui
175 1014 207 1074 in
225 1014 321 1074 activo
334 1016 424 1074 verbo
437 1019 520 1085 affe,
534 1018 598 1086 βωΐὶ
609 1013 757 1089 dicebant,
770 1014 808 1074 de
829 1032 887 1093 qua
900 1033 933 1074 re
945 1034 975 1076 v.
987 1016 1121 1095 Gregor.
1137 1016 1236 1077 Cone

114 1101 178 1177 q'ne
196 1097 369 1175 interpretes
383 1117 411 1174 p.
427 1100 497 1157 690.
511 1095 588 1156 idem
602 1096 690 1156 etiam
704 1097 735 1154 in
756 1094 885 1156 secunda
906 1114 1035 1176 per-sama
1047 1097 1158 1177 masiti
1169 1095 1237 1157 ienis·

111 1189 188 1238 sent.
230 1177 455 1248 Blomfieldium,
469 1179 520 1256 qni
534 1178 563 1237 in
579 1178 687 1239 Museo
702 1177 935 1255 Cantabrigiensi
947 1177 1050 1238 denuo
1065 1179 1161 1238 edidit
1180 1179 1237 1257 Sap·

111 1260 190 1338 phua
203 1260 378 1338 fragmenta,
392 1258 508 1318 mallem
523 1259 553 1318 in
567 1259 623 1332 his,
637 1278 704 1340 quae
717 1259 857 1340 impedita
869 1270 950 1332 sunt,
964 1279 1056 1338 quam
1071 1261 1102 1318 in
1116 1261 1237 1327 dialecto,

111 1360 146 1401 re
159 1340 279 1400 nimium
300 1341 424 1412 lubrica,
443 1351 473 1399 et
488 1341 620 1420 periculi,
641 1360 728 1421 quam
750 1341 845 1401 meriti
864 1341 1005 1420 pleniore,
1028 1360 1152 1422 operam
1170 1356 1236 1402 anan

98 1422 253 1502 posuisse,
268 1421 380 1493 saltem,
396 1433 429 1480 nt
442 1441 480 1480 ne
493 1424 662 1483 varietatem
676 1423 821 1496 lectionis,
841 1422 1002 1482 maximum
1016 1435 1050 1483 et
1060 1424 1092 1482 in
1105 1424 1235 1504 fragmen·

111 1504 150 1563 tis
163 1523 240 1583 saepe
254 1503 373 1562 unicum
387 1502 562 1581 praesidium,
582 1505 740 1565 omitteret.

155 1590 206 1646 25.
229 1587 271 1647 Ut
285 1582 368 1644 multi
382 1583 490 1651 horum
504 1605 650 1658 versuum,
665 1606 739 1666 qnos
752 1587 895 1646 hactenus
908 1604 949 1645 ex
970 1586 1186 1666 Hephaestione
1202 1594 1233 1644 tt·

112 1664 243 1739 tulimus,
257 1684 317 1723 non
335 1677 404 1725 sunt
417 1667 583 1745 asynarteti,
599 1668 641 1728 ita
653 1688 691 1728 ne
704 1669 735 1728 hi
749 1667 878 1748 quidem,
899 1687 973 1808 gnos
992 1667 1041 1727 his
1054 1668 1197 1739 addimus,
1212 1665 1233 1723 ir

112 1746 193 1807 hunc
206 1766 359 1806 numerum
374 1747 519 1808 'referendi
533 1760 610 1809 sunt.
653 1748 694 1809 Et
708 1750 832 1829 primum
853 1749 902 1828 qui
923 1767 980 1821 em,
1003 1769 1095 1828 quem
1118 1748 1230 1810 Gaisior-

111 1826 178 1888 dius
191 1848 231 1889 ex
244 1828 454 1908 epigrammate
469 1830 626 1891 Simonidis
639 1831 669 1890 in
685 1830 813 1891 Brunck.
829 1829 917 1890 Anal.
932 1828 968 1892 T.
988 1832 1014 1892 1.
1028 1851 1061 1910 p.
1077 1836 1148 1892 141.
1168 1847 1229 1890 con·

110 1910 292 1981 memoravit,
308 1930 347 1968 ex
360 1911 486 1971 iambico
500 1924 683 1973 monometro
695 1911 944 1993 hypercatalecto,
967 1923 998 1971 et
1020 1912 1127 1972 ordine
1140 1912 1229 1993 logne

111 1991 191 2064 dico,
206 2010 293 2071 quem
307 1990 356 2050 ille
370 1991 418 2051 alii
431 2005 609 2073 asynarteto,
634 1994 684 2075 qui
705 1995 745 2054 ab
766 1991 946 2054 Archilocho
960 1993 1100 2054 inventus
1113 2004 1168 2068 est,
1179 1991 1230 2053 suh

108 2074 195 2154 jecit:

191 2190 309 2250 πολλαίκι
323 2186 350 2251 dl
364 2194 446 2262 φυλῖἷς
458 2189 646 2265 ’maridas
660 2191 681 2250 ir
695 2195 807 2273 χιςοῒσιι
819 2187 905 2273 ‘liget

272 2271 434 2345 ἄνολᾶλυξκν
446 2272 600 2354 mediceae
614 2275 659 2334 inl
678 2271 858 2355 διθνμίμβοις.

111 2385 275 2527 Sspnruptus
289 2397 334 2446 eat
350 2387 469 2447 ultimus
482 2407 593 2462 versus,
607 2387 702 2468 quiin
726 2387 793 2447 cod.
806 2387 887 2468 ‚Vat-
909 2404 941 2467 p.
960 2389 1034 2448 613.
1055 2385 1099 2447 nic
1121 2383 1227 2465 scriptu

157 2509 168 2540 9

188 2584 271 2648 θῆκαν
285 2557 432 2658 lacescitur
444 2587 506 2645 hta»
518 2579 590 2644 ‘thart
610 2587 721 2644 Mundi.

110 2694 262 2756 Bentleius
277 2697 307 2755 in
321 2698 413 2777 epigr.
428 2697 609 2759 Callim.L1.
632 2697 712 2780 (hnic
726 2696 802 2757 enim
816 2697 875 2773 hoc
895 2696 1078 2777 epigramma
1100 2697 1225 2758 tribueht·
1261 2736 1269 2778 p

109 2779 169 2855 tur)
190 2781 253 2840 9ιῶ
268 2791 335 2837 ante
349 2782 496 2854 immolas·
509 2780 675 2850 collocavit,
694 2778 781 2839 simili
799 2797 989 2839 numerorum
1008 2798 1084 2839 sono
1098 2780 1227 2859 deceptus
1261 2802 1268 2859 p

110 2857 176 2914 Nisi
189 2859 274 2918 fallor
287 2865 388 2921 Μοισᾶν
401 2873 453 2921 aut
466 2861 553 2942 plane
566 2861 735 2934 delendum,
749 2871 800 2922 aut
814 2860 844 2919 in
858 2859 972 2921 initium
986 2879 1092 2922 veranus
1112 2860 1226 2940 rejicio·
1268 2928 1269 2943 ,

111 2937 192 3012 dum,
207 2940 287 3019 quod
300 2941 427 3003 interiit:
497 2966 501 2972 ’

192 3095 321 3116 .....
339 3059 421 3122 &aaa
434 3059 580 3133 immisso
591 3062 658 3121 darii
669 3056 752 3120 llere.

110 3171 230 3230 Caesnra
249 3170 405 3251 diligenter
417 3185 531 3234 servata
543 3186 598 3248 est,
610 3174 668 3235 ,etsi
681 3173 828 3254 neglectio
841 3176 904 3255 ejus
917 3193 980 3233 non
999 3192 1138 3254 magnam
1150 3171 1219 3233 offen

110 3254 221 3312 sionem
235 3253 370 3315 habitura
383 3266 455 3315 erat.
1257 3298 1265 3321 ,ι

152 3340 201 3397 26.
225 3335 341 3396 Deinde
357 3335 560 3417 Aristophanis
573 3357 676 3398 versus
687 3337 731 3396 his
742 3330 1219 3415 compositionhmadnumerandu
1254 3328 1269 3419 ζ

77 3478 82 3490 ,
110 3428 164 3484 est,
181 3417 231 3494 qni
245 3428 290 3476 est
303 3437 341 3476 ex
355 3419 480 3478 dimetro
494 3419 644 3480 trochaico
657 3419 820 3479 acatalecto
833 3430 864 3479 et
877 3419 1006 3479 dimetro
1016 3418 1151 3497 paeordco
1161 3422 1218 3476 cult
1259 3426 1269 3495 ζ

109 3498 228 3570 lectico,
243 3498 273 3555 in
286 3498 449 3578 Lysistrata
461 3518 489 3561 ν.
506 3505 726 3573 lota-1038„

191 3613 255 3677 odili
271 3617 321 3677 im
340 3621 373 3683 ,9η
390 3622 422 3678 t'ss
432 3626 550 3692 psimslc
564 3620 739 3703 ἆμιχᾶτιςον,

192 3696 245 3758 olii
259 3707 321 3780 orig,
336 3646 388 3760 oid5
401 3699 444 3760 aii
458 3699 556 3770 druidis
570 3701 672 3779 οὐδεμία
685 3700 819 3784 niglam.

110 3809 170 3876 Qui
184 3824 345 3890 sequuntur
359 3813 421 3871 duo
431 3835 540 3889 versus,
555 3817 631 3876 mele
644 3816 681 3874 ab
695 3815 819 3875 librariis
839 3823 869 3873 et
890 3811 999 3873 criticis
1023 3810 1056 3869 in
1079 3805 1213 3870 trochaico·
1254 3806 1266 3817 '

112 3903 295 3952 tetrametros
308 3895 504 3956 transformati
517 3909 595 3956 sunt.
639 3897 760 3956 Habent
774 3895 816 3954 illi
829 3894 907 3954 idem
921 3904 1058 3963 metrum,
1074 3890 1149 3973 quod
1163 3899 1216 3968 pff·

111 3972 251 4032 cedentes
265 3986 295 4034 et
308 3987 473 4054 sequentes.
517 3979 730 4038 Scribendum:

191 4097 278 4150 caica
289 4091 370 4168 prinas
384 4093 416 4151 cri
429 4093 601 4166 {unitio-hh
616 4101 732 4172 πολιμεῖς
747 4095 807 4172 ἶμοί,

192 4171 240 4242 iiii
254 4167 276 4228 ὖ
290 4174 374 4255 stragi
388 4201 424 4233 mc
438 4174 535 4245 βξβιιιί
549 4175 575 4246 γ’
596 4176 635 4252 ἔμ’
646 4176 709 4254 ’ἔχειν
723 4178 814 4250 Φίλυς

112 4284 231 4342 Caesura
244 4303 322 4365 saepe
334 4289 470 4367 neglecta
489 4300 544 4350 est.
585 4289 676 4352 Paeon
696 4309 811 4373 semper
830 4305 921 4372 purus
941 4297 1073 4371 serpatu,
1089 4301 1142 4346 nec
1158 4262 1215 4339 tell
1251 4304 1269 4347 n

111 4365 241 4426 Cretico.

692 4459 705 4502 t
