2694 4866
114 315 154 371 ss
280 270 286 281 ’
499 304 580 366 ma.
601 307 643 367 u.
664 305 756 367 car.
772 306 860 387 niv.

185 515 240 572 Sed
251 514 303 571 hoc
315 515 380 570 mihi
391 515 531 572 molestum
544 526 601 571 este
621 533 680 570 nam
694 517 768 570 istaec
780 512 1004 570 commemoratio.

184 589 223 642 ita
233 587 336 643 seciam.
349 588 400 642 boc
412 588 524 658 primum
536 587 564 641 in
577 586 626 640 bric
639 604 668 640 re
679 588 795 658 praedico
807 588 863 641 tibi.

115 692 157 751 Et
170 713 260 772 quum
274 694 303 752 in
319 695 518 753 Romanorum
531 692 660 751 versibus
674 693 762 750 verba
777 693 838 770 ipsa
852 690 992 763 indicent,
1006 688 1110 769 quibus
1122 687 1150 745 in
1161 681 1221 744 locis

115 776 245 853 ponendi
269 777 326 834 sint
350 775 435 846 ictus,
451 774 612 833 certissimo
633 774 702 832 hinc
725 786 899 851 argumento
922 771 1116 850 cognoscitur,
1139 781 1216 853 versu}

116 875 179 915 esse
203 856 288 928 hanc,
312 875 398 934 quam
419 857 575 934 sequimur,
602 854 742 915 metiendi
766 855 917 912 rationem.
959 854 1035 912 Nam
1059 846 1215 930 grammaticr

116 957 231 1016 quoque
254 937 370 997 eosdem
386 936 475 1015 pedes
500 956 560 997 suae
584 936 724 995 doctrinae
738 948 838 1014 aptare
858 946 989 1013 possunt,
1004 933 1057 993 sed
1072 953 1128 992 non
1140 931 1211 994 aliun

115 1038 203 1097 quam
217 1020 279 1078 ictu
293 1037 311 1076 a
323 1019 411 1077 tertia
424 1018 454 1076 in
468 1017 627 1077 secundam
641 1017 780 1096 syllabam
795 1017 943 1087 translato,

193 1135 416 1220 υόυΙυυ-Ι-

114 1273 201 1333 quem
222 1273 342 1332 pravum
363 1271 517 1312 numerum
538 1270 601 1311 esse
621 1251 896 1331 proceleusmaticus
917 1251 1016 1321 docet,
1033 1268 1088 1330 pro
1107 1243 1207 1307 trocheo
1251 1328 1252 1333 ¹

114 1347 235 1414 positus,

194 1467 436 1552 vlbvwiss

113 1599 206 1678 Apud
231 1602 352 1660 Graecos
365 1621 483 1680 perrara
496 1612 540 1660 est
560 1601 664 1660 horum
679 1597 793 1680 ¹pedum
814 1596 992 1676 conjunctio,
1017 1615 1076 1656 nec
1094 1593 1154 1654 nori
1172 1606 1208 1680 ert·

112 1682 216 1759 empla.
233 1703 297 1761 quae
311 1703 369 1740 non
383 1694 434 1742 aut
444 1687 504 1762 jam
519 1682 672 1742 emendata
685 1682 742 1740 sint
756 1700 774 1740 a
787 1680 853 1738 viris
867 1679 971 1749 doctis,
986 1690 1018 1739 ut
1035 1675 1207 1754 Aristophane

114 1762 143 1819 in
170 1762 284 1822 Eccles.
314 1768 379 1825 162.
404 1763 483 1843 quod
507 1763 633 1823 restituit
659 1765 804 1821 Porsonus
828 1761 865 1819 ad
882 1761 983 1838 Eurip.
1007 1762 1060 1819 Or.
1078 1761 1156 1820 1427.
1172 1755 1209 1810 lli

43 1842 46 1847 ’
115 1844 345 1903 emendationem
371 1845 417 1904 vel
438 1845 613 1915 desiderent,
635 1845 680 1904 vel
704 1843 789 1903 facile
814 1841 978 1901 admittant.
1029 1841 1065 1898 In
1089 1828 1215 1912 Aristod-
1250 1860 1252 1867 ·

116 1924 227 1984 Avibus
241 1931 367 1987 v.1506.
1216 1946 1222 1956 ·
1249 1920 1252 1943 ²

192 2038 246 2099 ἄπο
258 2045 311 2122 νὰς
326 2040 423 2108 dlicta,
440 2041 501 2119 ἅμ’
517 2041 597 2101 ἓν9ἆ3’
613 2045 624 2101 o‘
641 2042 698 2107 Ζεὺς
712 2040 814 2116 isitres,

111 2154 176 2215 cod.
192 2157 345 2216 Ravennae
360 2161 412 2217 ἀπὶ
427 2157 479 2240 γαί(
493 2159 522 2234 μ’
537 2157 631 2217 ὀλέσειε
654 2168 684 2214 et
698 2156 775 2216 laico
789 2152 906 2233 quidem
928 2152 1016 2211 etiam
1031 2151 1124 2211 codex
1136 2145 1208 2207 veoe
1225 2138 1229 2149 ’

112 2249 159 2295 tus
182 2237 281 2298 habet.
322 2239 442 2297 Atticus
467 2257 562 2296 sermo
582 2238 628 2295 vel
649 2239 704 2299 ἔτι
718 2242 770 2329 *jeip
794 2242 849 2296 dmi
864 2235 894 2312 μ’
913 2234 961 2292 vel
984 2235 1040 2295 ἶίπο
1063 2231 1153 2316 γαίςρί
1168 2226 1211 2288 trit

111 2319 242 2397 requirit,
257 2320 344 2397 idque
358 2320 456 2397 plures
472 2319 565 2377 critici
580 2319 745 2378 restitutum
760 2327 887 2375 iverunt.
930 2316 966 2372 In
982 2315 1100 2374 Thesm.
1114 2317 1175 2372 285.

193 2433 216 2492 d
229 2438 346 2515 Θςζὶττι,
363 2438 404 2497 τὴν
418 2435 500 2498 κίστην
514 2434 619 2503 adstat,
639 2430 701 2512 κᾷτ’
714 2431 779 2506 iisne

192 2521 219 2574 τὸ
233 2516 353 2586 adnatet,
368 2516 432 2579 ὅπως
448 2522 566 2582 λαβοῦσαι
580 2515 650 2573 θύσω
664 2520 721 2572 cuir
734 2517 803 2574 &teir

83 2694 85 2701 ,
112 2638 163 2686 aut
177 2630 207 2694 ὣς
222 2627 309 2686 scribi
323 2639 431 2707 posset,
446 2637 506 2697 aut,
528 2627 608 2704 quod
622 2625 715 2685 lenius
736 2604 896 2687 remedium
910 2637 965 2700 est,
979 2633 1007 2687 τὸ
1024 2624 1123 2686 deleri.
1159 2622 1211 2707 Por·⁸

112 2728 184 2768 sono
198 2709 228 2767 in
253 2711 410 2768 Adversar.
424 2730 452 2788 p.
476 2711 544 2767 Μ.
568 2708 751 2787 placebatnl
775 2710 877 2778 alnas,
892 2710 968 2774 ἕως.
1009 2708 1046 2765 In
1071 2707 1213 2794 Damoxenl

111 2791 300 2932 ffissfud
325 2791 435 2851 Athen.
460 2790 517 2848 111.
542 2810 571 2867 p.
598 2795 665 2851 103.
689 2792 728 2850 A.
753 2790 824 2848 nihil
848 2789 978 2868 impedit,
1004 2789 1074 2867 quin
1099 2776 1214 2867 ejectol·

255 2916 264 2945 ἲ

192 2988 257 3048 ἐνίοτ’
273 2989 387 3061 ἀφιστὰς
402 2987 622 3068 repausandum,
637 2989 722 3048 nider.

151 3108 202 3164 23.
223 3102 324 3161 Tertia
342 3101 471 3179 denique
489 3103 582 3161 forma
604 3114 658 3175 est,
684 3122 749 3181 quae
764 3102 913 3181 dactylum
934 3114 964 3161 et
984 3101 1213 3181 anapaestumprt

112 3183 226 3242 duobus
250 3182 352 3241 iambis
365 3182 461 3241 habet.
505 3183 550 3241 Ea
574 3204 663 3262 quum
677 3184 932 3261 grammaticorum
957 3184 1100 3243 doctrinae
1112 3201 1168 3241 nou
1185 3193 1215 3235 rt·
1242 3228 1245 3233 .

111 3276 232 3345 pugnet,
247 3277 344 3323 tamen
355 3265 468 3323 numeri
478 3264 591 3342 legibus
601 3277 702 3343 aperte
713 3265 889 3338 adversatur,
901 3276 934 3325 ut
945 3263 1215 3343 proceleusmaticum
1242 3308 1252 3333 ,

110 3364 164 3426 pro
179 3346 307 3405 trochaeo
322 3345 520 3419 introducens,
1235 3366 1252 3449 1

1241 3454 1252 3505 i

190 3578 231 3589 ..
243 3528 247 3611 Ι
258 3526 346 3591 boo
355 3561 379 3590 υ
389 3526 394 3610 Ι
403 3525 445 3587 L

111 3662 216 3742 Itaque
230 3662 317 3722 etiam
332 3660 464 3734 Latinos,
474 3661 533 3739 qui,
546 3659 687 3741 quidquid
701 3679 753 3739 per
763 3678 899 3721 numeros
913 3660 1026 3721 licitum
1037 3671 1093 3733 est,
1107 3658 1221 3738 recipere

111 3753 336 3814 consueverunt,
348 3755 446 3802 tamen
459 3744 495 3801 ab
506 3744 562 3803 hac
575 3744 668 3803 forma
681 3743 767 3822 plane
780 3743 912 3802 videmus
925 3743 1107 3803 abstinuisse.
1147 3731 1222 3808 Quod

110 3823 135 3881 si
149 3845 213 3903 quae
227 3829 290 3905 ejus
304 3822 645 3900 exemplainveniuntur,
659 3844 693 3883 ea
707 3844 766 3883 non
780 3824 965 3894 dubiumst,
975 3824 1044 3902 quin
1056 3823 1225 3885 correctio&

100 3904 269 3982 indigeant.
312 3904 535 3982 Submovitque‚
558 3918 590 3966 ut
605 3926 656 3985 par
681 3917 752 3975 erat,
779 3926 816 3965 ex
832 3906 972 3966 Terentio
997 3906 1159 3976 Bentleius,
1181 3896 1225 3962 etti

110 3982 160 4042 ille
180 3985 335 4063 aliquando
356 3986 401 4043 sui
415 3985 530 4055 oblitus,
546 3998 578 4045 ut
593 3987 630 4045 ad
646 3986 723 4047 Eun.
738 3988 762 4044 1.
778 3993 807 4057 2,
823 3993 872 4048 69.
897 3987 979 4046 etad
994 3986 1123 4066 Adelph.
1136 3985 1191 4044 IV.
1205 3987 1227 4052 1,

115 4069 161 4126 ll.
177 4063 213 4122 de
228 4086 285 4141 quo
299 4066 365 4125 loco
379 4085 466 4141 supra
480 4066 591 4124 dictum
612 4078 656 4125 est
671 4086 734 4145 cap.
750 4068 821 4128 Xll.
837 4073 866 4129 5.
908 4068 999 4148 Apud
1023 4068 1172 4136 Plautum,
1186 4061 1228 4144 qui

113 4144 191 4204 omni
216 4165 323 4223 genere
337 4147 472 4206 vitiorum
496 4148 635 4218 abundat,
649 4149 713 4207 haec
738 4167 854 4229 quoque
875 4151 999 4230 pravitas
1024 4148 1137 4229 aliquot
1157 4148 1252 4229 locuti

13 4226 16 4231 ’
115 4225 221 4286 affecit.
264 4227 348 4286 Utin
363 4228 498 4286 Asinaria
512 4228 537 4285 Ι.
554 4235 646 4299 1‚44.
710 4296 713 4301 y

181 4343 250 4397 bene
260 4340 351 4399 hercle
361 4343 457 4412 facitis,
470 4354 499 4407 et
509 4343 525 4399 d
537 4361 580 4400 me
592 4344 664 4401 initis
676 4344 796 4418 gratiam.
809 4349 813 4365 '
