2694 4866
4 418 6 422 Α
45 296 48 301 ’
109 334 130 390 c
382 320 979 395 Lta.t.car’.11.'DEAttst‚ac.

114 489 219 552 finiens
232 488 304 562 illas,
326 487 544 557 consideratum
564 506 635 568 pars
650 498 760 560 autem,
781 508 846 568 quae
865 488 968 548 definit
992 494 1112 547 ceteras
1134 495 1238 567 partes,

115 591 206 653 quum
218 571 280 652 ipsa
289 572 326 631 ab
337 571 370 629 iis
385 589 444 630 non
458 570 623 643 definiatur,
643 570 681 630 ad
691 581 789 650 partes
803 570 865 630 illas
878 589 980 631 omnes
993 579 1137 649 spectare,
1150 568 1238 648 iisque

116 674 156 715 ex
171 672 255 732 aequo
271 652 431 713 communis
445 672 509 712 esse
522 651 649 712 debeatr
669 664 800 732 apparet,
821 664 933 733 partem
953 652 1055 731 ligura
1080 650 1238 710 absolutam

115 736 148 795 in
171 754 208 799 eo
233 754 296 796 esse
316 745 439 816 puncto,
467 734 548 814 quod
572 734 603 792 in
624 732 719 813 figura
739 734 836 813 aliqua
859 733 989 794 omnium
1010 733 1137 812 partium
1166 750 1238 792 com·

115 836 205 876 mune
223 828 276 876 est.

156 904 187 960 6.
208 899 295 967 Quod
309 897 333 957 si
347 896 396 976 qui
417 908 486 956 sunt
506 896 631 969 numeri,
652 895 703 976 qui
721 896 846 970 initium,
867 907 918 956 aut
932 895 957 955 si
970 914 1036 977 qure
1048 894 1160 975 figurae,
1183 913 1238 974 que

116 981 279 1041 absolutam
299 979 433 1058 regulam
446 978 556 1039 habere
568 978 733 1054 videantur,
753 979 784 1037 in
798 979 865 1059 ipsis
885 977 994 1057 aliquid
1014 978 1178 1057 reperiatur
1197 996 1238 1039 ne

117 1082 198 1123 cesae
211 1073 267 1135 est,
289 1060 369 1140 quod
382 1060 522 1120 indicium
535 1060 625 1120 faciat
645 1060 719 1120 initii
741 1060 787 1120 rel
812 1059 921 1139 regulae
945 1058 1027 1118 iatius
1051 1058 1171 1118 minime
1188 1077 1238 1118 anr·

115 1144 248 1223 biguum.
290 1145 394 1222 ltaque
418 1143 448 1201 in
467 1143 595 1202 numeris
618 1142 672 1202 illis
693 1143 736 1202 vis
759 1142 856 1221 aliqua
871 1141 1013 1210 absoluta,
1035 1140 1065 1199 iu
1079 1139 1181 1220 figuris
1194 1139 1238 1198 illi

138 1236 261 1285 unctum
274 1223 392 1303 aliquod
406 1224 571 1284 absolutum
584 1224 747 1304 reperiatur
766 1242 886 1283 necesse
906 1233 961 1285 est.
1001 1225 1048 1283 Ita
1071 1233 1118 1281 est
1140 1232 1235 1282 autern

150 1325 196 1366 am
211 1325 348 1366 numeros
358 1306 399 1366 ita
412 1306 531 1366 demum
544 1306 676 1365 videmus
697 1304 811 1364 initium
832 1305 951 1375 habere,
976 1304 1011 1377 si,
1032 1322 1120 1383 quem
1142 1321 1238 1364 rcxun

117 1406 267 1462 vocamus,
287 1387 318 1446 iu
332 1387 366 1447 iis
380 1387 645 1460 animadvertimus,
667 1406 726 1466 quo
741 1386 894 1447 manifesta
906 1387 940 1445 lit
954 1385 985 1444 in
999 1404 1058 1445 una
1078 1384 1176 1465 aliqua
1197 1404 1238 1444 nu«

118 1472 193 1529 meri
205 1481 289 1549 parte
299 1469 341 1528 vis
355 1469 499 1548 quaedam,
521 1487 615 1549 quma
629 1468 741 1528 caeteris
755 1469 885 1548 partibus
895 1469 987 1528 abest.
1016 1467 1138 1545 Figurae
1151 1477 1238 1527 auten

119 1570 180 1611 non
193 1551 278 1610 aliter
291 1551 329 1611 ad
342 1551 503 1611 absolutam
517 1551 649 1630 regulam
662 1551 756 1611 factas
769 1568 833 1610 esse
848 1549 1029 1645 intelligitur,
1050 1547 1105 1606 nisi
1120 1548 1144 1608 si
1158 1567 1238 1628 punc

119 1644 184 1693 tum
198 1632 229 1691 in
243 1632 277 1692 iis
291 1650 445 1693 commune
459 1632 618 1705 invenitur,
638 1632 718 1712 quod
731 1651 791 1692 non
805 1642 901 1712 potest
915 1631 983 1691 alibi
997 1649 1085 1709 quam
1099 1629 1129 1688 in
1143 1648 1238 1692 uuor<

121 1732 195 1786 esse,
216 1715 267 1794 qui
281 1714 364 1774 locus
374 1715 452 1774 solus
462 1714 492 1773 in
502 1714 597 1794 ligura
609 1715 796 1793 symmetrica
806 1712 849 1773 nti
860 1713 973 1784 unicus,
995 1712 1037 1771 ita
1050 1712 1176 1793 partium
1191 1731 1238 1772 om

121 1796 203 1855 nium
218 1795 380 1855 communia
390 1807 444 1857 est.

162 1883 193 1942 7.
214 1879 338 1937 invento
353 1877 437 1936 initio
456 1876 494 1936 de
507 1876 566 1937 fine
580 1877 670 1956 quaeri
682 1888 790 1957 potest.
831 1878 966 1943 Quaeres
980 1875 1049 1933 nihil
1070 1875 1160 1935 habet
1181 1875 1236 1935 diffi

122 1958 249 2019 cultatis.
291 1958 368 2017 Nam
377 1978 466 2038 quum
477 1978 529 2038 per
539 1958 630 2018 ictum
642 1969 842 2038 punctumque
852 1957 990 2028 medium,
1011 1976 1076 2036 qnae
1090 1976 1136 2016 res
1150 1957 1188 2016 ad
1202 1975 1238 2016 ex

122 2040 295 2120 perlentium
307 2039 466 2120 pertinent,
486 2052 517 2100 et
531 2056 679 2110 numerus,
701 2040 749 2119 qui
764 2041 801 2099 ab
819 2039 882 2102 ictu
904 2038 1015 2118 incipit,
1036 2048 1066 2097 et
1090 2037 1192 2116 figurae
1214 2057 1238 2098 er

121 2123 219 2182 medio
233 2121 331 2202 aliquo
345 2133 457 2202 puncto
470 2121 630 2202 descriptio
641 2122 680 2181 ad
689 2122 900 2203 experientiam
911 2120 1051 2179 translata
1063 2119 1114 2180 site
1134 2120 1238 2200 planun

123 2214 179 2276 est,
200 2205 287 2263 tinem
302 2204 426 2278 numeri,
449 2204 646 2283 terminosque
658 2204 761 2282 figurae
774 2222 834 2263 non
858 2220 942 2282 posse
965 2219 984 2260 a
1004 2200 1094 2281 priori
1117 2199 1239 2261 describi

123 2284 175 2345 sed
191 2287 412 2364 cognoscendos
425 2306 490 2347 esse
503 2284 696 2367 experientia.

165 2371 194 2426 8.
217 2367 277 2428 Sed
290 2374 336 2425 est
348 2378 447 2426 tamen
461 2380 492 2427 et
502 2385 691 2426 numerorum
705 2376 735 2424 et
748 2365 906 2444 figurarum
930 2363 1098 2443 descriptio,
1119 2365 1198 2444 quod
1216 2383 1238 2423 ar

124 2448 213 2506 finem
227 2447 343 2519 attinet,
364 2447 486 2527 duplex,
507 2466 567 2506 una
580 2466 645 2526 quae
659 2447 698 2505 ob
711 2446 925 2527 simplieitatem
944 2445 1024 2506 omni
1042 2445 1146 2525 regula
1165 2456 1238 2508 caret

125 2539 160 2587 ut
173 2528 204 2586 in
218 2526 346 2587 numeris
359 2527 390 2586 lri
401 2539 479 2601 sunt,

209 2643 278 2718 όν,
299 2642 396 2720 όυυ,
419 2642 551 2718 όνυυ,

126 2783 317 2865 similiterque
331 2784 360 2843 in
374 2784 475 2864 liguris
483 2785 611 2866 partium
625 2784 779 2846 iteratione
793 2785 970 2851 carentibus.
992 2796 1024 2844 ut
1038 2783 1068 2843 in
1082 2783 1203 2858 circulo,
1225 2783 1238 2841 ir

126 2866 296 2945 pyramide3
316 2866 409 2926 altera
427 2886 493 2946 quae
506 2867 596 2928 habet
617 2868 734 2948 quidem
757 2868 899 2947 regulam,
919 2867 972 2926 sed
993 2885 1058 2926 eam
1078 2868 1238 2946 empiricam

128 2946 248 3007 ductam
262 2958 301 3007 eir
316 2948 533 3027 comparatione
548 2950 683 3028 partium.
724 2951 771 3009 Ita
784 2949 814 3008 in
831 2968 953 3009 numero
967 2967 1019 3027 per
1033 2947 1164 3028 dipodias
1178 2945 1238 3028 insti

128 3037 204 3100 tuto,
226 3029 462 3108 nbihaecregula
475 3031 611 3110 neglecta
623 3030 724 3103 fuerit,
744 3032 790 3091 vel
804 3031 907 3092 deesse
927 3029 1037 3110 aliquid
1050 3030 1206 3104 videbitur,
1225 3046 1238 3087 u

211 3145 389 3229 Lus-ol
410 3145 877 3231 Lo-olssu-ul.¹.w

129 3285 350 3360 velabundare,
377 3297 410 3346 ut

212 3399 1010 3486 Lo-ul.1.o-ol.¹..o..ol.¹.o..o..c

131 3540 305 3623 Eodemque
318 3539 408 3602 modo
421 3540 523 3622 figurae
536 3541 662 3602 describi
675 3555 808 3623 possunt,
831 3563 902 3622 quas
915 3553 1038 3624 propter
1048 3540 1238 3622 neglectioner

130 3624 272 3684 institutae
284 3624 376 3685 semel
390 3624 517 3704 partium
531 3625 756 3704 comparationis
770 3625 816 3684 vel
825 3645 885 3684 non
894 3626 1022 3704 integras
1036 3644 1110 3696 esse,
1133 3623 1177 3683 vel
1193 3622 1238 3682 alit

131 3706 176 3764 nis
197 3705 401 3766 additamentis
420 3718 522 3767 auctas
532 3705 706 3788 judicemus.
749 3707 809 3767 Sed
821 3707 881 3766 hoc
893 3717 989 3766 totum
1000 3707 1145 3785 judicium
1163 3706 1195 3763 in
1218 3723 1238 3763 er

133 3787 212 3865 quod
236 3798 337 3867 aptum
358 3799 414 3860 est,
438 3799 579 3848 versatur.
621 3789 710 3850 Unde
735 3799 766 3849 et
790 3787 959 3850 omissiones
983 3787 1136 3849 nonnullas
1159 3786 1238 3870 proba

133 3885 208 3941 mus,
227 3879 260 3927 ut

215 3967 893 4068 .¹.o-ar.:.a-or;o-or.¹.o-

134 4132 165 4182 ot
176 4122 368 4199 accessiones,
383 4134 416 4183 ut

216 4238 797 4325 -l-UU—l-l-UU-lal-UQ-—

134 4382 272 4461 quoniam
286 4402 330 4446 eae
339 4384 427 4446 linem
438 4382 547 4447 certius
557 4383 687 4445 indicare
700 4382 844 4443 videntur.
