2694 4866
353 244 411 307 os
431 240 639 308 versinus
660 236 880 309 rmorrcrs.
1012 231 1015 239 '
1086 253 1183 321 >ser

89 433 142 478 uos
155 432 254 477 versus
267 415 356 475 etiam
370 413 552 475 Gaisfordius
572 417 610 476 ad
630 415 871 497 Hephaestionem
891 436 923 497 p.
945 422 1016 480 331.
1033 421 1181 499 paeonicos

89 520 120 560 se
134 497 256 580 putavit.
291 497 417 557 Talesne
438 516 506 556 vero
526 516 625 557 versus
637 499 749 558 Graecis
759 511 810 559 aut
823 499 970 578 paeonicos
984 512 1035 560 aut
1050 503 1183 564 Creticus
1229 554 1232 563 ,

89 583 152 642 deri
170 579 324 660 potuisse?
344 590 396 637 aut
408 581 546 658 superbas
560 580 622 638 illas
635 599 720 639 aures
734 581 895 659 politissimi
908 587 1003 661 poetae
1016 592 1076 640 tam
1095 586 1183 645 rudes

89 683 147 744 que
160 661 324 722 inconditos
337 679 473 720 numeros
486 662 673 741 probavisse?
702 662 779 720 Nam
791 662 887 721 sicubi
898 663 930 722 in
944 663 1068 730 Creticis
1081 685 1183 727 nume·

89 766 94 804 ι
109 744 218 804 solutio
231 741 356 803 admissa
368 753 412 801 est
425 754 444 801 a
457 743 612 816 veteribus,
633 743 744 803 factum
756 756 802 804 est
815 744 847 804 id
859 743 912 823 sic,
930 758 966 805 ut
986 745 1063 826 ultro
1081 757 1184 809 tamen

103 827 223 887 offerret
235 843 373 884 numerus
387 824 532 899 Creticus,
545 825 636 885 veluti
645 827 676 884 in
685 825 742 884 hoe
755 844 851 902 versu,

134 904 277 1021 Scaenicis
291 940 338 1010 dit,
359 941 461 1024 pistre,
484 943 634 1026 φιλοφςᾶνος
648 948 679 1010 εἷς
692 941 748 1025 igar·

89 1079 118 1118 »n
132 1069 242 1130 autem,
256 1068 290 1116 ut
302 1057 417 1136 singula
429 1076 505 1136 pene
518 1059 608 1118 verbs
616 1058 695 1137 miris
708 1057 802 1116 modis
815 1057 1043 1119 distraherentur
1055 1039 1091 1119 dc
1105 1058 1183 1120 lace·

89 1151 202 1202 rentur.
244 1141 297 1211 At,
317 1140 422 1218 inquit,
443 1139 493 1218 qui
508 1140 599 1198 tribus
613 1141 765 1218 postremis
783 1139 888 1201 horum
907 1158 1042 1200 vernam
1062 1159 1182 1221 respen-

89 1235 139 1295 nt,
154 1239 244 1300 quum
257 1221 380 1315 peronici
392 1221 452 1280 sint
465 1220 681 1300 elegantissimi,
702 1221 836 1282 dubitare
848 1241 910 1282 nun
921 1222 1031 1298 sinurrt,
1048 1222 1122 1304 quin
1135 1221 1183 1284 isti

89 1313 397 1384 ,oque'paeonrcrsrntr
1039 1336 1041 1342 ·
1212 1321 1216 1329 ·

134 1446 192 1504 adst
206 1445 258 1523 γὴ
272 1440 324 1522 ἀ’ςος
339 1440 438 1522 αιιςᾶν,
452 1439 508 1502 eir'rr
522 1439 590 1515 νὲφις
604 1441 718 1525 albitus,

89 1596 92 1602 .
134 1524 193 1586 sdes
206 1529 292 1582 πολιὸν
305 1522 418 1595 simle
432 1524 505 1596 ἔστιν,
519 1524 532 1582 ‘o‘
545 1550 570 1583 τι
584 1522 680 1599 diisset

134 1603 195 1664 τίδ’
208 1604 366 1676 ἄποφυγὸνπ
377 1628 419 1681 με.

89 1719 175 1780 ndio:
195 1729 226 1777 at
239 1737 335 1798 neque
347 1719 402 1777 hos
415 1737 523 1790 versus,
537 1739 633 1798 neque
646 1720 808 1798 superiores
823 1720 893 1779 istos
906 1730 958 1780 eut
971 1720 1117 1798 paeonicos
1130 1732 1182 1788 sut

89 1802 193 1862 reticos
208 1819 271 1859 esse
286 1799 443 1860 contendo.
475 1801 551 1859 Nam
566 1801 646 1879 quod
659 1813 736 1879 saepe
748 1803 859 1860 factum
872 1811 928 1872 est,
943 1811 977 1862 ut
989 1803 1183 1880 grammatici,

89 1903 148 1943 rum
162 1880 253 1941 semel
266 1880 383 1960 aliquod
396 1892 521 1941 metrum
542 1881 596 1941 sibi
616 1882 760 1943 invenisse
782 1881 836 1940 visi
857 1892 965 1952 essent,
985 1882 1017 1940 id
1035 1883 1183 1944 mutandis

89 1968 153 2024 u‘e'tae
167 1963 262 2023 verbis
275 1973 434 2042 utcumque
455 1963 608 2023 restituere
632 1962 824 2023 conarentur:
845 1965 929 2041 cujus
949 1963 993 2026 rei
1007 1983 1106 2043 ,quum
1125 1965 1182 2025 alia

89 2047 149 2105 ulta
162 2045 298 2123 exempla
311 2056 437 2117 exstant,
452 2057 515 2104 tum
528 2045 578 2104 vix
591 2044 682 2104 ullum
695 2044 882 2116 luculentius,
901 2063 991 2124 quam
1000 2065 1060 2124 quo
1078 2045 1183 2125 viginti

89 2128 186 2206 rinque
199 2145 298 2186 versus
312 2125 456 2205 inVespis
468 2129 536 2191 271.
558 2146 640 2207 seqq.
660 2127 791 2206 corrupti
803 2128 933 2200 luerunt,
956 2127 994 2187 de
1014 2127 1120 2206 quibus
1139 2127 1182 2186 vi·

89 2209 154 2268 enda
173 2207 322 2267 adnotatio
343 2208 500 2268 Brunckii:
529 2208 607 2268 idem
629 2208 674 2266 his
695 2227 812 2288 quoque
832 2209 864 2267 in
882 2207 958 2268 locis
976 2207 1088 2269 factum
1108 2219 1183 2282 esse,

89 2301 139 2350 nto
159 2290 254 2349 minus
275 2289 401 2348 dubitari
420 2300 527 2371 potest,
547 2289 628 2368 qnod
647 2289 725 2349 ultro
743 2311 776 2350 se
789 2289 914 2351 offerunt
928 2289 1101 2362 dochmiaci,
1122 2309 1182 2368 quo

107 2390 217 2451 genere
236 2389 371 2431 versuum
391 2371 549 2430 solutiones
569 2372 761 2431 usitatissimae
781 2383 858 2432 sunt.
901 2375 949 2431 Ae
969 2371 1054 2450 primi
1074 2370 1132 2430 duo
1146 2371 1181 2429 il-

88 2473 152 2513 rum
172 2471 307 2513 versuum
327 2471 366 2537 ex
376 2451 472 2513 iambo
486 2452 562 2512 arsin
576 2453 700 2514 solutam
713 2454 851 2530 habente,
868 2465 903 2514 et
916 2454 1027 2515 duobos
1041 2451 1182 2516 dochmiis

89 2542 204 2596 ›nstantt

133 2672 185 2728 nt
195 2664 225 2744 μ’
239 2666 274 2746 εἵς
287 2663 313 2732 ’ὃς
325 2699 346 2712 -
359 2665 479 2736 Mirm
502 2668 558 2728 clm
572 2667 647 2727 rr'rror
659 2702 682 2716 -
694 2665 747 2749 iles
761 2668 824 2728 erari
837 2665 931 2744 bour
938 2697 949 2739 3

133 2748 191 2807 τίνα
203 2748 234 2806 λδ
247 2781 270 2795 -
282 2773 326 2820 γον
339 2747 392 2828 o’r'gae
404 2750 466 2806 aresi
479 2754 541 2827 mels
554 2750 597 2823 ἐμὲ
609 2780 632 2792 -
644 2751 718 2819 φίλον
731 2747 795 2824 ’ἔχων
804 2746 910 2828 ¹arcique

89 2877 161 2941 steri
175 2897 214 2940 ex
227 2877 296 2957 solis
310 2877 452 2939 dochmiis
465 2876 536 2938 facti
549 2877 702 2941 videntur:

134 3010 194 3080 tell
205 3009 277 3071 dibus
291 3009 402 3082 ἒκᾶλεσι,
416 3046 438 3059 -
451 3009 583 3092 aegidus?
596 3016 622 3072 τ’
634 3013 681 3088 ἐμὲ
693 3015 768 3095 παρὰ

132 3093 199 3169 qim
211 3093 316 3165 dedecor,
330 3095 400 3175 dmg,
413 3127 435 3140 -
451 3093 515 3166 iidr'
529 3093 625 3167 Μετ’,
639 3095 691 3171 ἐμοὶ

134 3173 252 3252 senipetas
266 3173 370 3256 ἔτςᾶφη.

89 3291 161 3386 tque
170 3308 232 3381 ἰξὲτ·
245 3309 331 3382 ἐγένετ’
357 3320 402 3368 est
416 3308 446 3366 in
459 3308 552 3370 MSS.
581 3309 656 3370 Rav.
677 3319 707 3368 et
722 3310 798 3368 Ven.
840 3307 923 3368 Idem
948 3308 1079 3369 Venetus
1098 3311 1128 3384 γ’
1150 3310 1180 3368 in
1254 3325 1257 3330 ·

89 3385 158 3448 ltimo
178 3408 263 3448 versu
293 3389 409 3449 omittit.
450 3389 519 3454 Jam
533 3388 749 3468 antistrophicis
763 3389 828 3461 illis,
852 3390 903 3468 qui
923 3389 1047 3466 optimos
1067 3410 1183 3470 perones
1270 3437 1273 3442 .

89 3471 186 3531 rebere
196 3469 379 3549 videbantur,
393 3470 530 3532 facillime
544 3472 665 3551 pristina
679 3470 771 3530 forma
786 3470 899 3532 restitui
912 3471 1033 3549 poterit:

135 3609 163 3666 od
177 3608 229 3687 wig
242 3604 295 3688 ’o'goe
310 3605 411 3687 rnrrgo‘r,
425 3639 447 3651 -
461 3607 489 3664 οὗ
504 3606 570 3680 νέφος
585 3606 700 3688 aldegisi,

135 3689 163 3746 οὗ
175 3692 263 3746 πολῶν
276 3686 388 3759 osismos
401 3721 423 3735 ··
435 3685 487 3747 'leb'
502 3689 516 3746 ‘o‘
528 3710 553 3750 rt
567 3687 662 3762 digeret

135 3764 195 3829 edis
208 3767 313 3847 φυγᾶντε
325 3792 368 3846 με.

101 3896 126 3959 l.
145 3899 274 3958 Poeonici
289 3899 453 3959 catalectici
467 3900 496 3957 in
511 3900 695 3980 disyllabum,
712 3901 840 3978 itemque
854 3897 1009 3958 anacrusin
1032 3895 1186 3958 iambicam

89 3976 208 4052 abentes,
222 3979 312 4040 rarius
326 3981 524 4040 inveniuntur.
566 3981 712 4062 Exemplo
725 3983 762 4042 sit
776 3983 825 4040 hic
838 3980 920 4040 locus
933 3981 963 4038 in
977 3978 1139 4060 Lysistrata
1152 3998 1182 4041 v.

89 4061 128 4121 Bl.
146 4061 195 4140 qui
211 4081 300 4140 quum
314 4062 437 4141 pessime
456 4063 572 4122 habitus
586 4063 623 4123 sit
637 4066 673 4123 ab
688 4064 821 4144 librariis,
845 4061 1071 4150 nec-quidquam
1091 4059 1183 4141 prosit

89 4140 172 4216 uides,
186 4143 364 4203 mentionem
377 4147 440 4222 ejus
454 4142 568 4205 faciens
579 4146 608 4203 in
622 4167 650 4205 v.
664 4148 823 4231 ὲπορῥὸγας,
842 4144 969 4226 ’Epulas
986 4143 1111 4227 ἇπορῥόξ,
1130 4153 1183 4202 Mr-

89 4227 168 4320 rrisqoq
183 4221 380 4320 “swimg‘fs
396 4227 492 4304 Τίμων,
507 4227 592 4288 venia
606 4228 661 4289 erit
676 4234 845 4311 conjectura
859 4223 996 4302 tentami,
1010 4243 1076 4306 quoe
1093 4223 1182 4297 libro·

89 4325 120 4365 rm
134 4324 233 4386 rnopra
246 4325 340 4367 sanan
353 4319 515 4384 nequeunt.
758 4326 762 4331 ’
