2694 4866
130 261 188 321 rm
515 250 597 315 sm.
617 252 660 314 11.
681 208 877 317 csrssxr.

208 445 246 521 a·
258 444 272 509 t
283 412 345 506 ...ἰ
356 443 476 517 asma.

203 528 301 594 s'r'mn
313 526 409 597 ὅπη
420 528 465 602 μὶν
479 524 645 608 fugaciori
652 552 707 605 put,

126 641 174 703 cui
187 643 364 723 respondent
376 642 440 701 haec
454 662 481 700 v.
496 643 567 706 707.

205 763 379 833 αλλίφλογι
392 759 496 820 πίλων
510 759 552 819 ἰπὶ

195 846 268 923 sagi
279 843 450 919 rademiru-
464 845 492 900 si
507 837 530 899 δ’
543 843 597 917 ipsis
612 838 715 899 rinnau

122 948 254 1026 Quorum
265 976 401 1019 versuum
412 957 491 1036 prior
504 956 645 1016 iambicus
656 965 710 1026 est,
721 955 852 1015 ultimam
862 955 892 1013 in
901 954 1093 1037 antistropha,
1107 956 1156 1017 ubi
1167 955 1230 1016 nult

123 1052 168 1099 est
196 1040 404 1120 interpunctio,
434 1036 559 1097 solutam
585 1038 696 1115 habens
725 1048 845 1131 propter
872 1038 1099 1116 perpetuitatem
1127 1037 1229 1098 numeri.

122 1119 235 1182 Eodem
251 1120 339 1180 modo
352 1119 553 1180 defendendus
566 1130 611 1179 est
630 1119 713 1179 locus
728 1138 757 1176 tn
773 1118 897 1179 Bacchis
910 1140 938 1177 v.
952 1124 1023 1182 996.
1036 1140 1122 1198 quem
1138 1119 1230 1181 Seidle·
1260 1160 1263 1169 ·

122 1223 171 1262 rus
184 1224 213 1281 p·
228 1207 277 1264 87.
291 1200 538 1270 commemorarit,
554 1213 584 1260 et
597 1200 670 1260 alius
690 1202 720 1257 in
736 1199 901 1281 Hippolyto
921 1206 991 1263 939.
1005 1220 1094 1280 quem
1107 1202 1228 1279 attulitp
1265 1236 1266 1269 3

122 1289 172 1346 90.
213 1282 367 1343 Difficilius
389 1283 466 1342 hanc
487 1281 627 1341 rationem
650 1282 788 1342 adhibeas
808 1283 875 1342 loco
900 1282 1053 1362 Sophoclis
1066 1282 1098 1341 in
1122 1282 1227 1342 Phitoa
1259 1338 1266 1354 ,

123 1369 191 1428 176.
208 1370 275 1427 186.
289 1383 376 1446 quem
399 1363 545 1426 Seidlerus
558 1384 587 1444 p.
602 1368 651 1423 88.
666 1360 757 1423 affert.
801 1364 877 1423 Eum
892 1365 1004 1443 pridem
1019 1364 1060 1424 its
1073 1362 1226 1426 emendare·

3 1480 5 1485 ’
120 1465 181 1506 lam
192 1491 200 1507 .

203 1564 273 1641 λιμᾷ
283 1561 307 1621 τ’
320 1566 414 1643 cirurgis
428 1563 551 1626 &sitem
563 1557 729 1643 pisgspripun'
744 1559 808 1639 ixei
821 1566 903 1644 fiagri.

202 1640 257 1702 35
271 1644 478 1726 tloglysscm,

91 1772 99 1789 ··
119 1774 210 1835 quum
224 1757 253 1814 in
272 1756 405 1817 eamdem
418 1755 652 1816 emendationem
665 1754 801 1817 incidisse
814 1754 873 1814 vidi
890 1754 1072 1815 Boeckhium
1086 1776 1117 1851 p.
1131 1757 1222 1818 8991.
1257 1746 1266 1803 .'

118 1838 170 1947 qui
183 1850 280 1898 tamen
295 1839 324 1896 in
345 1838 474 1898 secundo
487 1858 572 1897 versu
592 1842 646 1898 tls
663 1840 766 1917 irreptor
791 1856 918 1908 servans,
932 1837 962 1895 in
981 1832 1224 1916 strophrcoscnbil
1257 1880 1266 1918 ὲ

119 1947 138 1979 s
153 1921 281 1997 παλάμαι.
294 1927 398 2003 agnis,
414 1920 492 1998 quod
506 1931 620 1978 tautum
634 1867 716 1978 ahest
737 1931 780 1990 ut,
796 1918 1042 1998 quemadmodum
1055 1919 1112 1999 ipsi
1124 1918 1226 1983 ridetur,
1256 1926 1266 1987 ᾗ

117 2001 235 2079 elegans
248 2002 296 2072 sit,
312 2013 353 2072 ut,
368 2021 400 2060 re
414 2001 580 2078 diligentius
595 2001 786 2071 considerata,
802 2019 839 2060 ne
852 2000 922 2061 ferri
936 1999 1055 2080 quidem
1068 2001 1166 2081 possit.
1191 1997 1224 2056 'ln
1261 2012 1266 2068 j

121 2082 246 2143 Eumen.
260 2087 329 2149 786.
344 2088 413 2144 816.
427 2083 478 2141 ubi
492 2101 570 2141 nunc
584 2082 691 2153 editur,
738 2134 741 2139 .
1151 2116 1157 2129 ·
1260 2092 1266 2117 ¹

197 2208 351 2279 σταλαγμὶν
363 2205 438 2279 χθονὶ
452 2198 553 2282 ι’ἷφοςον·
568 2201 594 2260 ἔκ
608 2198 633 2259 ii
646 2207 701 2267 ssi,
741 2198 756 2215 Ἰ

117 2312 279 2374 scholiastae
303 2327 334 2374 et
355 2327 486 2374 veterum
508 2314 649 2373 librorum
667 2311 813 2391 scriptura
835 2313 1002 2395 prosapiem
1022 2331 1084 2372 non
1107 2307 1225 2372 unamol
1251 2334 1262 2395 l‘.

49 2419 54 2435 ·
117 2414 248 2454 caussam
261 2397 362 2473 inepta
375 2406 429 2455 est.
470 2395 539 2453 Nou
554 2415 610 2474 ego
630 2413 808 2473 magnopere
821 2393 952 2464 mirarer,
966 2394 991 2452 si
1005 2392 1103 2454 intali
1117 2391 1224 2454 camis·
1256 2440 1266 2477 Ξ

116 2475 205 2535 etiam
218 2477 324 2555 singuli
338 2475 474 2546 dochmii,
489 2475 569 2534 nulla
588 2477 784 2555 perpetuitate
798 2474 911 2533 numeri
928 2474 1035 2556 juncti,
1048 2493 1115 2536 sese
1127 2473 1225 2553 excipe·
1251 2518 1254 2553 3

117 2567 192 2615 rent.
233 2559 427 2636 Quamquam,
451 2557 476 2617 si
489 2556 547 2615 hoc
567 2557 711 2638 displicet,
731 2556 870 2616 facillima
892 2557 1038 2615 correctio
1051 2556 1083 2614 in
1103 2564 1223 2637 promptt
1252 2581 1266 2627 ς

118 2649 174 2710 est,
194 2641 304 2717 gilvus,
329 2640 429 2723 ἔφεξιν.
471 2639 627 2706 Ceterum,
651 2639 700 2717 qui
720 2638 885 2716 diligenter,
910 2637 981 2716 quid
1001 2638 1094 2716 magis
1114 2636 1224 2697 minustt

114 2719 258 2800 placuisse
272 2721 367 2801 politis
379 2722 521 2791 videatur,
535 2732 638 2780 notare
652 2720 796 2791 didicerit,
811 2719 897 2778 facile
911 2716 1086 2792 adducetur,
1098 2730 1131 2780 ut
1143 2714 1222 2799 ptulit
1249 2710 1266 2803 J

114 2802 180 2881 plus
194 2804 284 2862 veniae
299 2803 421 2864 concedi
435 2802 536 2862 credat
550 2803 580 2861 in
594 2803 652 2862 fine
667 2802 773 2881 integri
786 2818 895 2871 versus,
909 2817 997 2880 quam
1011 2800 1221 2861 incomminus

26 2884 30 2889 '
115 2883 240 2944 duorum
264 2905 323 2943 uno
343 2905 428 2945 versu
448 2889 618 2964 junctorum
638 2883 854 2953 dochmiorum;
874 2882 1003 2960 itemque
1024 2881 1082 2942 alio
1102 2887 1221 2963 sequentt
1245 2926 1250 2963 ².

113 2982 247 3037 numero,
262 2985 349 3044 quam
363 2967 412 3025 ubi
427 2966 614 3025 continuatur
634 2964 832 3024 dochmiacus.
873 2965 941 3029 Quo
961 2962 1054 3058 niagis
1068 2961 1219 3029 curantur,
1246 3009 1266 3046 ,-

114 3056 149 3103 ut
163 3057 194 3106 et
215 3066 316 3106 versus
330 3047 422 3107 ubivis
436 3058 516 3106 recte
530 3047 740 3118 describantur,
765 3065 822 3105 nec
841 3045 957 3123 regulas
969 3044 1080 3116 latrum·
1090 3064 1171 3125 quam
1182 3040 1218 3099 ds·
1251 3078 1266 3091 μ

113 3139 191 3200 ceat,
206 3128 357 3200 extendas,
372 3140 435 3201 aut,
448 3127 530 3207 quod
551 3128 660 3207 aliquot
674 3128 705 3186 in
718 3128 790 3186 locis
810 3129 921 3186 facturn
935 3125 1043 3198 videas,
1065 3127 1129 3186 aliis
1141 3135 1217 3213 auten
1256 3122 1266 3131 “

109 3207 143 3350 ἔτι
156 3209 228 3270 locis
242 3229 370 3290 nequeas
383 3230 442 3271 non
456 3210 566 3269 factum
580 3229 643 3269 esse
657 3210 866 3281 demonstrare,
877 3208 1012 3269 debuisse
1025 3208 1091 3269 lieri
1103 3207 1133 3267 in
1146 3218 1216 3268 amul·
1244 3216 1266 3246 τ

132 3309 165 3350 us
179 3312 307 3352 censeas.
1242 3336 1266 3362 ς

152 3376 181 3434 9.
203 3374 397 3435 Observatum
408 3376 469 3453 jam
483 3392 571 3451 supra
590 3383 645 3444 est,
659 3371 772 3431 hiatum
785 3371 832 3431 val
852 3371 883 3430 in
896 3369 1052 3430 trochaicis
1065 3382 1155 3450 atque
1164 3367 1216 3426 im
1241 3407 1250 3441 p

112 3453 186 3515 bicis
199 3458 337 3528 numeris,
352 3475 442 3535 quum
456 3455 572 3533 quidem
594 3455 715 3513 trochaei
728 3455 759 3512 in
773 3454 952 3514 tribrachum
972 3453 1134 3525 solvuntur,
1147 3451 1215 3510 inm

111 3535 182 3596 dum
196 3538 320 3598 admitti.
360 3538 397 3597 ld
410 3538 440 3600 in
454 3537 509 3596 illis
522 3536 649 3596 numeris
668 3547 782 3596 tantum
796 3536 826 3594 in
839 3536 897 3595 fine
912 3533 1021 3594 ordinis
1033 3533 1144 3594 factum
1157 3525 1216 3589 ride
1243 3530 1266 3557 '⁶'

111 3627 168 3697 tur.
221 3621 257 3679 In
281 3620 458 3680 dochmiacis
490 3619 619 3679 versibus
649 3629 758 3691 autem,
783 3617 833 3696 qui
856 3616 1018 3685 solutiones
1048 3612 1217 3676 crebetrlwfl
1243 3614 1266 3640 i*

110 3697 230 3775 hltbent,
244 3704 448 3782 frequentique
469 3701 579 3783 dactyli
592 3702 761 3780 receptione
778 3718 855 3780 pene
875 3698 1089 3778 dactylicarum
1102 3700 1216 3756 versatu
1241 3742 1244 3753 .

112 3794 245 3844 naturam
260 3786 395 3856 induunt,
416 3785 512 3845 hiatus
526 3805 561 3843 ea
574 3784 639 3863 lege
661 3794 826 3864 usurpatur,
841 3792 875 3840 ut
888 3780 939 3840 liat
959 3779 988 3838 in
1002 3789 1139 3860 correpta
1148 3774 1218 3849 low
1243 3783 1266 3856 Ιζ

111 3866 205 3924 vocali
219 3867 264 3927 vel
278 3866 472 3946 diphthongo,
486 3867 643 3945 sedemque
656 3865 763 3926 habeat
777 3863 807 3922 in
821 3863 913 3923 altera
927 3873 993 3922 utra
1006 3861 1137 3921 brevium
1148 3852 1216 3937 ⁸7st*
1240 3882 1266 3925 ’.ε

111 3940 224 4019 barum,
240 3950 270 4006 in
284 3969 355 4028 quas
375 3947 468 4026 prima
481 3948 552 4008 arsis
574 3949 671 4009 soluta
683 3947 730 4023 sit,
745 3957 779 4008 ut
801 3943 881 4026 apud
905 3942 1083 4025 Sophoclem
1096 3942 1128 4004 in
1140 3937 1216 4019 ajm
1243 3970 1255 4021 J

112 4025 180 4086 349.
195 4029 269 4087 etin
285 4032 403 4090 Electra
417 4032 486 4090 245.

187 4142 254 4218 piros
269 4146 328 4222 ἶμῧν
343 4149 430 4225 φίλων.

187 4228 228 4294 γοῒ
240 4251 267 4286 τι
279 4234 325 4288 sel
339 4227 403 4290 οὐδὲν
418 4226 458 4288 s'ir.

106 4333 183 4398 Vide
207 4339 369 4403 Seidlerum
383 4363 412 4422 p.
427 4347 476 4407 95.
489 4360 570 4422 seqq.
612 4338 682 4403 Non
702 4336 823 4400 dubium
843 4348 943 4401 autem
962 4327 1215 4409 vitetuumndffl
1243 4339 1266 4447 ἰ
