2694 4866
88 329 170 389 '402
255 274 259 285 =
515 312 597 380 tls.
616 318 675 379 111.
695 316 788 381 CAP.
809 314 866 380 IX.

6 557 10 567 ,
116 520 119 525 ·
154 499 201 555 10.
215 490 298 549 Idem
308 508 378 547 vero
393 499 473 547 recte
486 488 689 548 animadvertit
712 507 741 565 p.
756 485 995 554 257..oraculum
1021 486 1150 568 Delphis
1171 489 1234 549 nlla·

111 585 183 642 tum,
199 570 279 652 quod
293 569 392 628 Livius
407 570 444 627 V.
461 575 507 630 16.
520 569 612 639 affert,
633 571 670 628 ab
685 568 782 648 aliquo
805 587 918 640 eorum,
943 567 992 646 qui
1016 569 1099 628 circa
1123 571 1235 641 Marcii,

112 654 193 716 Fabii
208 650 341 723 Pictoris,
357 651 451 712 Cincii
467 650 616 717 alimenti,
641 649 788 728 Acilrique
801 650 933 728 tempora
954 647 1088 720 fuerunt,
1112 652 1235 710 numeris
1276 654 1278 711 ζ

112 733 255 795 Saturniis
269 744 399 811 aptatum
413 751 486 792 esse.
528 732 595 790 Non
620 743 718 791 tamen
732 731 770 790 de
783 731 896 790 ratione
909 730 1051 790 assentior
1062 731 1129 790 viro
1142 732 1235 802 docto,

113 835 172 894 qua
185 834 285 875 versus
298 813 361 873 illos
375 813 527 874 restituere
542 823 674 873 conatur.
716 812 825 872 Versus
838 811 925 883 euim,
939 830 1013 890 quos
1026 811 1122 883 dedit,
1146 831 1236 890 neque
1276 800 1278 875 l

113 897 144 956 in
167 895 263 956 verbis
286 895 483 973 orationisque
506 894 600 952 forma
621 904 797 953 vetustatem
818 892 961 964 redolent,
984 911 1081 972 neque
1106 913 1236 953 numeros
1276 894 1278 929 ³

114 979 234 1050 hubent,
248 996 321 1057 quos
335 977 499 1055 quisquam,
511 976 596 1034 etiarn
606 975 826 1054 qui‘asperrima
838 993 963 1053 qumque
975 973 1062 1046 serat,
1072 994 1129 1053 pro
1143 976 1238 1034 Satur·

114 1059 170 1120 niis
183 1059 315 1137 accipiat
357 1057 434 1116 Illud
448 1057 477 1115 in
491 1056 549 1115 hnc
563 1075 671 1134 genere
684 1057 856 1127 curandum,
880 1066 913 1114 ut
926 1054 1036 1128 videas,
1052 1055 1127 1134 qnid
1140 1074 1235 1114 recen-

115 1141 174 1203 tius
185 1143 236 1213 sit,
249 1159 335 1219 quam
350 1149 382 1198 ut
395 1138 516 1216 antiquo
529 1139 663 1217 scriptori
677 1138 765 1196 tribui
778 1137 882 1215 possita
903 1156 970 1215 quo,
985 1136 1107 1196 invento
1130 1136 1236 1196 facilim

115 1235 161 1284 est
177 1222 273 1302 prisca
294 1239 405 1280 eruere.
449 1221 502 1280 Est
524 1232 621 1278 autem
645 1238 762 1278 carmen
777 1218 848 1278 illud
862 1217 980 1277 nitidius
994 1217 1095 1289 etiam,
1109 1237 1195 1297 quam
1208 1228 1237 1274 ut

116 1303 224 1365 Marcii
237 1302 310 1361 vatis
330 1314 462 1379 tempore
485 1300 635 1360 conditum
650 1300 794 1361 videatur.
836 1300 942 1370 Verba,
966 1299 1099 1374 mutatis,
1122 1318 1186 1380 que
1205 1299 1236 1356 ab

116 1385 202 1446 Lirin
221 1383 349 1444 emollita
362 1382 505 1452 videntur,
517 1381 581 1441 haec
594 1381 685 1442 ferme
698 1381 787 1441 fuisse
801 1380 988 1441 crediderim:

187 1499 319 1564 somene,
330 1518 423 1570 aquam
432 1498 562 1553 Albenim
574 1499 635 1553 lacu
647 1517 711 1554 cave
722 1499 862 1566 contineri,

187 1589 252 1626 cave
263 1572 291 1624 in
304 1588 376 1625 mare
387 1570 530 1625 immanere
542 1570 637 1658 sudpte
648 1569 756 1625 flumine
768 1570 837 1625 siris:

187 1640 292 1697 miserim
310 1659 390 1696 manu
402 1659 449 1713 per
459 1643 533 1712 agrds
546 1640 659 1712 rigensis,
670 1641 821 1724 dissipatam

188 1714 251 1768 rivis
262 1713 391 1768 exstinxis
404 1737 408 1763 ε
430 1713 485 1767 tiun
499 1725 528 1766 tu
541 1712 656 1768 insistito
665 1712 785 1766 ‘bostrum
798 1711 886 1766 audax

188 1784 279 1851 muris,
291 1801 399 1851 memor,
411 1802 488 1867 quam
502 1782 549 1854 per
560 1793 602 1838 tot
613 1782 698 1838 rinnon
709 1785 803 1836 circum
814 1782 914 1837 obsidis

68 1862 73 1875 ³
189 1857 290 1920 urbem,
308 1853 342 1908 ex
361 1873 393 1910 ea
404 1855 452 1909 trbi
463 1855 514 1920 his,
528 1872 587 1927 quse
606 1858 676 1908 nuuc
690 1854 846 1977 panduntur
861 1852 944 1918 fetis,

188 1926 326 1981 victdriam
345 1925 448 1988 detdm3
466 1925 536 1979 belld
554 1923 671 1996 perfecto
709 1942 789 1979 onum

192 1997 306 2066 amplum
325 1996 359 2050 td
378 2015 437 2050 mea
452 1998 538 2050 victor
555 1995 655 2069 templa
672 1995 792 2066 pbrtato=
813 2012 888 2048 sacra
898 1992 983 2066 patria

189 2086 240 2123 nec
252 2068 343 2122 cirrata
359 2067 514 2133 instaurato,
529 2068 621 2138 utique
638 2065 790 2131 adsolitum,
804 2063 894 2121 facito.

161 2175 211 2232 11.
232 2168 327 2229 Venio
341 2187 419 2226 nunc
433 2169 469 2228 ad
483 2167 598 2227 Livium
616 2167 817 2227 Andronicum
835 2179 866 2228 et
890 2169 946 2228 Cn.
971 2166 1118 2241 Naevium,
1138 2171 1238 2249 po'e‘tas,

122 2251 171 2332 qui
188 2251 329 2329 inprimis
349 2249 476 2308 carmine
499 2250 635 2308 Saturnio
650 2248 822 2309 inclaruere.
865 2251 974 2308 Eorum
1000 2247 1101 2308 Livius
1128 2248 1239 2310 Homeri

120 2332 286 2412 Odysseam
300 2332 428 2390 versibus
440 2330 583 2390 Saturniis
596 2331 697 2401 vertit,
707 2316 824 2389 Naeriud
837 2341 936 2391 autem
949 2341 1063 2409 septem
1076 2330 1158 2391 libris
1170 2349 1239 2390 com·

123 2414 229 2494 plexus
249 2423 293 2471 est
307 2412 415 2471 bellum
430 2411 573 2470 Punicum
588 2411 737 2490 primum.
763 2414 937 2490 Fragmenta
955 2410 1004 2471 od
1054 2430 1097 2470 eae
1111 2412 1239 2480 Liviane,

125 2508 160 2554 ut
170 2493 248 2565 olim,
263 2512 342 2551 nunc
356 2512 481 2571 quoque,
491 2513 556 2570 quae
567 2493 637 2551 mihi
650 2493 850 2565 innotuerunt,
865 2491 997 2552 ordines
1017 2512 1108 2554 eram.
1133 2492 1239 2551 Initium

126 2576 221 2654 operis
234 2574 357 2633 serravit
371 2574 483 2632 Gellius
500 2574 613 2645 XVIll,
628 2579 657 2636 9.
680 2575 759 2653 quod
772 2575 821 2634 ille
834 2575 865 2633 in
877 2573 1056 2634 bibliotheca
1069 2574 1200 2636 Patrensi
1215 2572 1239 2629 in

122 2657 201 2716 libro
214 2658 289 2714 r'erae
302 2655 452 2714 vetustatis
466 2656 507 2713 sic
521 2655 660 2734 scriptum
674 2667 808 2730 testatur,

197 2771 291 2827 Virlun
302 2772 375 2839 mihi,
384 2772 510 2838 Camena,
521 2772 610 2828 insece
622 2788 764 2830 versutum:

129 2875 290 2934 Homerus:

210 2987 291 3071 o'r'rlgae
302 3015 346 3065 μοι
359 2988 445 3060 ἰἰιιπι,
460 2999 562 3058 Μοῦσαι,
585 2989 745 3073 πολΰτςοποι

131 3101 295 3164 Priscianus
315 3100 385 3159 Vll.
406 3123 434 3180 p.
456 3104 525 3165 741.

199 3235 276 3307 pater
287 3246 387 3301 noster,
405 3234 512 3289 Saturni
524 3234 591 3293 filie.

130 3340 366 3418 Laurenbergius
396 3339 425 3397 in
453 3339 627 3419 Antiquario
654 3340 685 3398 in
708 3362 735 3400 v.
746 3339 824 3420 filie,
845 3340 945 3401 nescio
969 3341 1059 3417 unde,
1083 3340 1164 3401 dedit
1181 3341 1241 3421 Jup·

124 3423 304 3565 piperepagelr
344 3420 421 3480 Vide
441 3421 529 3480 etiam
550 3421 696 3482 Merulam
716 3422 755 3482 ad
772 3421 898 3483 Ennium
912 3443 940 3502 p.
957 3427 1027 3527 23¹1.
1054 3423 1241 3482 'Homerusa

213 3615 329 3700 riwin<
349 3618 455 3702 ἐμέτῳ,
478 3600 587 3701 Kgorldn.

26 3764 29 3773 =
135 3731 283 3792 Charisius
304 3753 332 3810 p.
352 3737 401 3794 64.
412 3754 486 3812 puer
498 3733 637 3794 feminino
656 3753 764 3814 genere
779 3734 890 3795 dictum
904 3735 1062 3795 ostendens
1076 3755 1114 3794 ex
1129 3734 1243 3812 Odysstt

134 3811 231 3872 affert:
254 3825 273 3853 “
287 3832 352 3872 mea
366 3833 449 3890 puer,
463 3834 529 3873 mea
541 3836 623 3894 puer,
649 3816 720 3896 quid
732 3817 813 3876 verbi
827 3837 866 3876 ex
880 3829 931 3876 tuo
945 3836 996 3876 ore
1021 3816 1142 3874 audio.’'
1182 3810 1242 3872 Prir·

136 3892 236 3952 cianus
250 3905 348 3954 autem
370 3893 425 3954 Vl.
448 3915 476 3972 p.
497 3900 568 3961 697.
585 3919 677 3979 puero
702 3898 845 3977 agnoscit,
869 3898 947 3977 apud
968 3916 1055 3977 quem
1079 3897 1121 3957 sic
1140 3893 1242 3974 legitur

137 3984 159 4012 ‘⁶
173 3995 238 4033 mea
251 3994 351 4053 puera,
364 3993 430 4032 mea
443 3995 543 4053 puers,
558 3979 628 4056 quid
641 3979 721 4039 verbi
736 3999 774 4039 ex
793 3990 844 4039 tuo
859 3998 909 4038 ore
920 3977 1084 4056 profugit.'’
1127 3977 1175 4037 Sic
1190 3969 1242 4033 Ald·
1276 4044 1278 4049 ¹

26 4060 28 4067 ⁴
138 4064 170 4114 et
180 4054 247 4117 edd.
262 4057 421 4135 pleraeque:
442 4056 495 4115 sed
513 4059 644 4134 quaedam
658 4061 724 4120 edd.
741 4071 810 4121 vett.
819 4061 948 4141 prpluit.
990 4061 1062 4118 Duo
1076 4053 1243 4118 coddZwic·
1275 4064 1278 4097 ¹

139 4134 287 4195 cavienses
300 4139 390 4197 semel
404 4148 516 4197 tanturn
525 4159 584 4196 mea
593 4161 697 4222 puero,
709 4153 738 4202 et
752 4142 794 4200 sic
808 4143 895 4212 etiarn
910 4142 968 4200 duo
980 4141 1068 4201 codd.
1081 4137 1244 4200 bibliothece
1275 4146 1278 4233 j

140 4215 291 4276 Paullinoe.
315 4218 460 4279 Praeterea
471 4219 697 4282 Zwiccavienses
710 4224 951 4304 ruperfirit,alter
962 4222 1086 4298 divisim,
1097 4221 1169 4284 alter
1176 4223 1244 4299 juni·

138 4296 201 4359 tim.
245 4297 339 4360 cour.
354 4298 668 4389 saurrrnriuperfuga.
710 4305 823 4384 sessa,
1275 4282 1278 4327 ¹

754 4407 766 4451 1
