2694 4866
443 283 501 346 DE
527 282 757 346 PROSODIA.
1140 290 1179 353 st

89 472 122 514 aec
133 455 241 514 sincera
254 453 398 534 scriptura
411 463 465 524 est,
487 454 517 512 in
532 457 696 539 dmgmalya
709 452 793 511 Iliad.
808 479 836 512 a.
851 457 920 515 206.
942 462 1030 532 atque
1050 453 1128 525 alibi,
1150 454 1181 513 in

89 541 202 598 barloco
223 535 452 617 apudDionys.
476 534 593 614 Perieg.
616 539 688 600 738.
730 534 790 594 Sed
809 533 887 613 apud
901 534 1037 595 eumdem
1050 556 1080 596 v.
1096 540 1183 598 1039.

89 619 137 694 uod
149 618 265 698 legitur,

135 720 196 780 ἄλλ’
210 717 263 784 iio-ot
278 716 374 783 arabim
387 717 432 794 μὲν
446 721 513 779 irai
526 714 597 776 viia
612 714 764 787 Karmoim,

91 815 164 876 ullam
176 816 266 876 habet
279 815 508 875 excusationem.
550 815 646 874 Recte
660 813 747 874 codd.
768 811 958 886 Κιι-πιιδιίων,
979 814 1184 875 terminatione

89 899 175 971 ariore,
190 898 228 958 de
238 916 296 978 qua
308 918 337 956 v.
349 896 474 957 Dorvill.
484 895 522 955 ad
533 895 644 956 Cliarit.
656 916 686 974 p.
697 900 768 956 684.
783 894 930 979 (elaea
944 894 1041 976 Lipa.)
1066 896 1184 956 Emest.

89 979 230 1040 dCallim.
250 981 280 1038 h.
302 979 370 1038 Del.
391 973 441 1041 66.
455 979 555 1059 Heyn.
569 978 607 1036 ad
621 976 706 1038 Iliad.
719 1004 744 1037 τ.
763 983 790 1039 l.
831 976 986 1038 Heinrich.
1005 978 1044 1037 ad
1058 976 1183 1038 Hesiodi

89 1062 140 1123 but.
154 1060 247 1122 Herc.
257 1064 287 1125 7.

105 1132 145 1208 17.
167 1145 318 1222 Correptae
338 1153 458 1222 propter
477 1151 649 1222 sequentem
676 1151 832 1201 accentum
856 1161 942 1202 exem
963 1140 992 1200 la
1016 1130 1185 1201 tantum'in

89 1225 192 1305 sylonis
205 1223 360 1304 trisyllabis
380 1233 458 1295 sunt,
480 1235 513 1283 ut
533 1226 607 1297 imit,
627 1225 740 1301 μεμαός,
761 1223 891 1301 'Azanida
912 1162 1041 1296 ’oivnia
1061 1233 1091 1283 et
1115 1222 1186 1282 binc

89 1306 272 1378 rdeclinatis,
292 1311 433 1384 μιμιῖτις,
453 1306 585 1387 Ἀχιλῆος,
611 1302 743 1372 'Oia-ia.
784 1303 934 1364 Accentui
958 1304 1036 1364 enim
1060 1304 1185 1365 debetur

89 1388 186 1468 bjectio
198 1386 394 1459 consonantis.

106 1475 148 1532 18.
168 1469 413 1550 Frequentissima
426 1477 494 1527 sunt
507 1467 643 1550 exempla
663 1478 807 1547 correptae
827 1478 947 1548 propter
970 1468 1187 1546 praecedentem

89 1563 213 1612 ocentum
237 1551 365 1630 syllabae‚
387 1560 417 1609 et
438 1549 555 1629 quidem
575 1549 723 1629 praecipue
743 1548 921 1629 penultimae.
962 1552 1036 1616 Quae
1051 1549 1188 1630 exempla

89 1634 181 1704 rsolis,
201 1632 282 1712 quod
295 1632 394 1704 sciam,
416 1631 608 1711 conjunctivis
620 1631 702 1690 verbi
712 1631 800 1690 activi
818 1641 849 1690 et
865 1630 970 1710 passivi
990 1631 1186 1702 inveniuntur,

89 1726 185 1795 scepta
197 1713 284 1774 tertia
297 1731 422 1794 persona
440 1713 554 1772 numeri
567 1712 696 1793 pluralis,
717 1724 751 1772 ut
764 1714 895 1786 cabasam,
916 1715 1051 1794 ἅγιίςομεν,
1072 1706 1188 1794 μανψ,
1220 1744 1227 1752 ·

89 1798 227 1876 ludolfus,
248 1813 303 1875 pro
324 1796 459 1866 βοῦλητοιι,
479 1795 624 1878 ἐγείρωμεν,
645 1797 765 1872 plo-paors,
786 1795 960 1874 ἆποθώμαι,
982 1794 1065 1855 Iliad.
1086 1824 1114 1857 a·
1138 1800 1189 1858 66.

91 1882 131 1938 42.
148 1891 178 1950 β.
198 1881 268 1941 232.
286 1905 312 1936 ε.
332 1882 402 1941 409.
445 1876 504 1936 Sed
516 1876 622 1936 horum
636 1876 778 1956 exemplis
791 1876 865 1936 adeo
880 1877 966 1955 plena
980 1888 1047 1936 aunt
1062 1876 1189 1937 Homeri

89 1960 198 2031 amine,
219 1969 254 2018 ut
267 1957 466 2018 enumerando
479 1957 568 2018 finem
587 1956 638 2016 vix
659 1957 829 2017 inventurus
850 1958 898 2018 sis.
939 1959 1020 2017 Raro
1043 1958 1099 2018 ista
1123 1977 1188 2018 cor-

89 2041 154 2118 eptio
178 2041 267 2101 etiam
291 2040 331 2098 ibi
356 2049 521 2119 usurpatur,
542 2039 593 2099 ubi
616 2038 785 2119 praecedens
806 2040 925 2121 syllaba,
947 2060 1012 2119 quae
1032 2051 1189 2099 accentum

89 2121 160 2198 ubet,
179 2122 276 2182 brevis
289 2133 397 2196 manet,
419 2131 453 2180 ut
466 2119 549 2180 Iliad.
565 2137 593 2181 a.
610 2123 678 2184 192.

144 2228 174 2289 tic
187 2223 282 2288 ἵππους
296 2220 399 2282 datrae.

89 2311 223 2379 decentior
232 2319 329 2398 poiisis
343 2319 472 2382 deseruit
484 2321 562 2379 hanc
575 2317 660 2379 viam.
703 2319 774 2378 Non
787 2319 991 2398 praetereunda
1002 2318 1052 2379 hic
1066 2331 1111 2380 est
1125 2341 1190 2382 cor·

89 2399 157 2475 aptio
178 2401 346 2480 penultimae
366 2401 396 2459 in
417 2402 511 2461 forma
523 2429 567 2462 ..σι
581 2401 790 2481 perfectorum,
812 2420 898 2479 quam
912 2402 1094 2480 grammatici
1108 2415 1189 2464 certe

89 2491 240 2554 lgnmcunt:
260 2503 287 2541 v.
302 2483 402 2543 Draco
418 2483 548 2544 Straton.
560 2503 589 2562 p.
601 2489 651 2545 33.
665 2487 715 2555 88,
730 2488 759 2544 5.
776 2487 844 2557 108,
859 2488 906 2544 23.
940 2485 1063 2562 Regulae
1073 2485 1191 2563 prosod.

89 2564 242 2624 aueeditae
255 2585 285 2644 p.
298 2569 369 2626 444.
409 2565 526 2625 Bestius
539 2565 577 2624 ad
591 2564 716 2642 Gregor.
732 2565 801 2624 Cor.
815 2585 844 2642 p.
860 2569 929 2631 166.
966 2565 1045 2625 Vera
1057 2565 1081 2624 si
1102 2567 1192 2627 tradi.
1304 2566 1307 2575 '

89 2636 171 2705 lerunt
183 2645 479 2724 grammatici-tanto
502 2645 595 2724 magis
615 2645 665 2704 hic
685 2665 753 2704 usus
769 2645 858 2708 mirus
872 2656 926 2722 est,
947 2666 1048 2725 quum,
1069 2658 1103 2707 ut
1117 2646 1193 2706 dixi·

89 2736 145 2798 uus,
162 2727 191 2786 in
212 2727 301 2788 tertia
323 2727 440 2806 pluralis
461 2726 714 2807 conjunctivorum
727 2745 869 2805 nusquam
883 2727 939 2786 ista
953 2727 1098 2808 correptio
1113 2728 1192 2789 inve·

89 2801 172 2868 usur.
213 2814 316 2889 Atque
331 2828 370 2868 ex
384 2809 509 2869 Homeri
525 2807 707 2888 Hesiodique
721 2806 896 2867 carminibus
909 2808 1088 2871 recentiores
1098 2809 1194 2871 critici
1278 2807 1280 2813 ’

89 2899 137 2944 &tm
148 2889 348 2970 expellendam
362 2909 512 2962 censuere,
534 2902 568 2950 ut
584 2890 691 2970 Odyss.
706 2907 733 2950 a.
747 2895 816 2950 304.
832 2889 882 2948 ubi
895 2889 965 2950 olim
978 2901 1051 2962 erat,

148 2993 268 3051 roiriiro·
282 2991 354 3067 *rapio
365 2987 390 3049 di
404 2991 563 3069 λιλᾶγχασιν
578 2989 622 3050 ira
634 2993 734 3060 Stoico,

89 3096 149 3143 nunc
169 3097 266 3148 autem
285 3088 430 3166 araiyyae'
451 3087 573 3161 editum,
593 3087 672 3167 quod
700 3087 724 3145 ai
745 3087 948 3167 quiapropter
969 3087 1114 3166 digamma
1133 3109 1193 3151 non
1282 3116 1284 3125 ¹
1322 3068 1325 3076 Ι

89 3158 221 3226 luendum
233 3169 360 3248 putabit,
380 3168 555 3243 meminerit,
576 3189 663 3247 quarn
673 3169 760 3251 pauci
773 3169 831 3229 sint
844 3169 874 3226 in
889 3169 1022 3229 Homero
1035 3190 1145 3247 versus,
1156 3172 1195 3232 de

90 3245 174 3319 quibus
188 3262 301 3309 eertum
315 3249 386 3329 quid
398 3250 584 3331 pronunciari
597 3249 698 3329 possit.

120 3331 160 3388 19.
181 3331 262 3390 Raro
273 3331 373 3390 ultima
384 3332 494 3411 syllaba
507 3343 627 3412 propter
639 3348 831 3410 praegressum
854 3344 1011 3394 accentum
1027 3335 1199 3417 corripitur:

89 3410 156 3487 cujus
169 3411 211 3471 rei
225 3430 284 3470 non
297 3413 354 3473 alia
367 3424 484 3474 exstant
497 3413 642 3494 exempla,
662 3433 749 3492 quam
763 3414 804 3482 ἵ...
818 3424 850 3474 et
863 3415 930 3488 aba,
952 3425 986 3474 ut
1058 3486 1062 3492 .

150 3510 190 3578 ἕως
205 3516 217 3571 o'
231 3511 308 3573 ταῦθ’
322 3509 436 3595 ripparii,

89 3600 151 3666 iliad·
166 3637 195 3670 a.
211 3614 318 3670 193.'rr.
331 3614 401 3676 507.
415 3640 438 3694 ς.
456 3616 523 3673 106.
537 3640 563 3671 r·
575 3616 623 3675 15.
639 3608 734 3672 0111.
749 3613 816 3672 120·
830 3637 849 3672 1.
863 3613 1015 3675 365421.

149 3705 190 3775 iias
205 3710 216 3766 i
230 3710 267 3786 ‘rq'i
279 3709 413 3788 πολέμιζι,
562 3740 564 3745 ’

89 3799 154 3865 ilud.
168 3834 189 3864 o.
212 3810 283 3868 539.

149 3902 212 3972 ibai
227 3910 270 3965 sir
283 3902 384 3977 πεδίοιο,

89 4001 154 4066 lind.
164 4019 195 4079 o.
208 4010 280 4068 602.
378 4062 382 4070 ,
702 4072 736 4087 ,,

150 4101 194 4171 ’ἕως
208 4106 258 4178 iyoi
271 4109 328 4188 angi
341 4111 408 4165 atila
422 4105 502 4166 πολὺν
514 4106 598 4176 βίοτον
611 4105 765 4186 ramalem,
849 4178 852 4182 Ι

149 4186 218 4245 ἀλλ’
231 4188 440 4264 sirmas-ripam
453 4193 523 4264 rigor
535 4187 624 4255 raino,
646 4185 688 4255 iac
701 4188 818 4258 isiadus,

148 4265 246 4344 ὅμυοι,
269 4267 312 4334 i'uc
326 4269 419 4333 inibit
433 4267 514 4344 νὲμυι,

148 4351 203 4419 aa·
217 4346 241 4410 δ’
250 4348 309 4412 iiras
322 4348 429 4434 πράξω
444 4348 487 4413 lul
500 4346 625 4431 daimon,
645 4348 687 4418 ius
700 4350 790 4424 bono,
