2694 4866
318 300 320 305 ,
388 236 884 306 na1outcrslmnsoun.
1060 228 1070 241 '
1126 254 1182 311 291

35 465 37 469 .
64 428 154 474 secus.
194 411 232 473 V.
246 413 294 477 37.
312 412 395 472 Ltnri
407 415 478 475 adeo
492 425 523 474 ut
536 425 578 475 tu.
617 415 731 474 Ibidem
745 416 833 492 vulgo
836 418 969 495 jamjam.
1011 412 1184 495 Codd.jom.

64 494 104 579 y.
119 497 170 553 42.
182 493 247 552 libri
260 494 306 554 laic
317 496 459 574 differam.
500 496 537 554 In
551 496 653 554 Sticho
666 497 692 554 1.
708 503 735 557 l.
748 498 785 555 ab
799 496 882 554 initio
895 515 991 554 scenae
1010 497 1094 574 plura
1106 504 1183 558 sunt.

64 575 89 632 si
112 575 183 653 quid
195 575 289 649 video,
312 576 431 635 Sotadei
451 578 537 636 metri
550 577 675 639 indicia:
696 577 747 635 sed
758 582 818 656 jam
838 577 997 655 antiquitus
1016 577 1129 638 videtur
1142 578 1186 646 lo]-

65 673 118 714 cus
139 656 224 715 istea
244 658 457 716 correctoribus
478 677 541 717 esse
555 659 682 730 relictus,
703 670 736 716 ut
748 675 827 717 nunc
848 678 907 716 non
919 659 1009 737 possit
1023 658 1078 716 nisi
1097 658 1186 719 auda·

64 737 145 831 ciore
159 756 247 796 manu
261 736 386 800 restitui.¹
417 739 585 799 Videndum
597 739 686 818 igitur
699 758 737 799 ne
752 739 833 798 hunc
845 739 908 798 fere
921 741 951 797 in
965 740 1084 800 modum
1097 743 1187 819 poe'ta

62 832 229 897 scripserit:

134 959 193 1014 ΡΑ.
211 957 290 1011 credo
303 956 352 1027 ego
364 951 484 1012 miserim
496 952 667 1027 Pdneloprim,
679 952 762 1022 sor6r,
779 973 828 1011 suo
836 973 870 1011 ex
884 954 980 1022 inimo,

135 1029 203 1100 quae
215 1029 317 1082 tamdiu
327 1029 407 1082 vidua
419 1028 502 1082 ciruit
514 1028 584 1082 viro:
603 1046 664 1081 nam
677 1028 726 1082 nos
737 1031 794 1098 ejus
805 1028 923 1081 inimum

64 1111 97 1158 45
134 1101 169 1155 de
182 1101 279 1159 nostris
290 1099 367 1153 factis
378 1099 520 1163 noscimus,
555 1098 646 1152 utrum
657 1099 706 1153 viri
718 1097 910 1165 hinc'absunt,'

133 1172 297 1243 quorumque
309 1171 421 1240 negotiis
432 1189 480 1224 nos
492 1115 638 1234 tusiacum,
655 1181 686 1223 ut
698 1180 738 1223 est
749 1169 871 1239 aequom,

132 1243 252 1297 sollicitae
272 1242 365 1295 noctes
386 1240 414 1295 et
434 1241 499 1305 dies,
516 1241 599 1304 soror,
616 1258 706 1294 sumus
725 1240 828 1310 semper

132 1314 252 1368 nbatrum
269 1312 383 1365 officium
400 1312 450 1365 nos
459 1311 561 1366 lacere:
581 1328 667 1383 neque
678 1310 706 1363 id
719 1312 800 1379 magis
811 1310 930 1375 facimus,

133 1385 210 1455 quam
223 1384 272 1437 nos
284 1393 375 1436 monet
386 1381 479 1451 pietas.
503 1383 549 1436 sed
562 1382 614 1445 hic,
630 1381 689 1435 mia
702 1382 784 1446 soror,
802 1383 864 1435 assis
876 1383 956 1438 durus

60 1470 96 1516 50
133 1457 217 1509 molta
227 1454 289 1508 volo
301 1455 390 1508 tecum
401 1453 435 1506 de
447 1453 476 1506 re
487 1454 544 1508 viri.
579 1455 624 1508 ΡΙ.
635 1451 767 1518 salvaene,
784 1450 899 1506 amabo?

47 1579 97 1638 ·V.
112 1583 163 1638 43.
187 1575 263 1645 libri,
284 1575 413 1634 ‚nuaram
421 1576 520 1654 juisse
534 1575 706 1654 Penelopam
724 1594 814 1634 soror.
850 1575 888 1634 V.
902 1579 953 1633 tt.
965 1570 1031 1634 libri
1050 1575 1112 1636 uiro
1125 1597 1184 1637 suo.

56 1659 168 1720 Deleri
181 1677 240 1716 suo.
268 1658 334 1715 Viro
347 1656 406 1728 hic,
427 1669 460 1716 ut
475 1657 551 1728 alibi,
573 1669 603 1716 et
617 1655 692 1715 infra
704 1656 735 1712 in
748 1656 804 1714 hac
818 1651 881 1730 ipsa
892 1675 991 1725 scena,
1011 1656 1185 1737 monosylla-

52 1740 130 1802 bum
144 1750 198 1800 est.
238 1735 275 1798 V.
289 1743 338 1799 46.
352 1740 439 1816 vulgo
453 1760 503 1798 nos
516 1738 645 1818 negotiis.
688 1737 757 1795 MS.
772 1736 854 1814 Lips.
868 1749 899 1796 et
913 1739 960 1797 ed.
975 1739 1061 1816 Carp.
1076 1740 1186 1797 omittit

54 1845 122 1886 nos,
162 1821 203 1879 V.
224 1824 274 1881 48.
293 1819 367 1877 libra
386 1819 445 1878 ita:
469 1823 518 1879 ΡΙ.
537 1829 662 1878 nostrum
683 1818 800 1896 ficium
817 1821 978 1900 nosfacere
997 1839 1106 1898 aequom
1119 1829 1183 1880 est.-

54 1925 150 1988 neqae
169 1904 203 1962 id
221 1901 311 1981 magis
322 1901 461 1980 ficimus.
502 1903 575 1967 Quae
595 1900 685 1960 lectio
707 1918 804 1976 neque
825 1912 919 1958 metro
942 1900 1088 1971 convenit,
1109 1901 1134 1957 si
1154 1900 1186 1957 ni

52 2004 171 2056 versus,
192 1993 327 2061 utputo,
351 1981 469 2041 Sotadei
488 1992 566 2051 sunt,
587 2001 683 2059 neque
706 1980 827 2039 consilio
845 1986 942 2058 poe'tae
963 1985 1184 2043 accommodata

56 2080 119 2131 eet.
160 2062 321 2142 Panegyris
341 2063 418 2121 enim
432 2063 536 2122 metuit
550 2074 580 2121 et
599 2061 726 2121 sollicita
740 2072 803 2120 est:
826 2063 975 2122 Pinacium
989 2076 1096 2136 autem,
1118 2084 1185 2142 quae

53 2153 157 2210 minus
170 2146 272 2206 timido
286 2145 381 2203 animo
396 2156 450 2216 est,
479 2143 644 2202 consolatur
657 2143 744 2202 illam.
776 2142 901 2202 Videtur
914 2145 1056 2224 interpres
1069 2146 1182 2224 aliquis,

56 2227 114 2310 qui
141 2248 200 2288 non
222 2226 344 2297 viderat,
364 2226 453 2287 verba
479 2224 537 2294 illa,
558 2234 684 2284 nostrum
712 2223 830 2304 (fficium
858 2247 908 2286 nos
921 2230 1036 2306 fircera,
1061 2246 1100 2286 ex
1127 2228 1183 2301 his,

54 2313 306 2379 sollicitaremus,
320 2306 459 2387 pendere,
475 2305 619 2366 addidisse
632 2326 743 2385 oequum
757 2313 809 2366 est.
845 2307 926 2366 Hinc
942 2307 1052 2367 Pinacii
1065 2310 1183 2369 nornine

58 2396 181 2474 adjecto
201 2389 339 2467 deinceps
358 2408 411 2467 per
424 2400 516 2458 totam
536 2405 653 2446 scenam
673 2398 845 2467 permutatae
865 2400 933 2449 suut
950 2389 1028 2448 vices
1047 2409 1184 2468 persona-

56 2488 137 2537 rum.
179 2471 216 2529 V.
231 2475 281 2533 50.
299 2470 444 2549 libri-post
464 2480 552 2529 tecam
573 2469 685 2527 addunt
698 2468 784 2549 loqui.
826 2468 927 2529 Finem
940 2470 1044 2529 faciam
1058 2472 1089 2530 in
1110 2468 1184 2532 Am-

56 2553 225 2630 phitruonis
238 2551 303 2608 loco
320 2551 343 2610 1.
362 2559 389 2613 l.
403 2552 453 2610 ubi
467 2571 494 2611 v.
510 2554 639 2611 14-18.
666 2561 767 2629 aperte
783 2551 901 2612 Sotadei
914 2564 1001 2612 sunta
1022 2552 1071 2631 qui
1084 2565 1184 2615 autem
1241 2576 1243 2580 ⁸

54 2636 243 2710 praecedunt,
268 2633 321 2690 etsi
349 2635 412 2711 quis
439 2630 578 2711 suspicari
604 2631 695 2710 possit
719 2631 857 2691 iambicos
876 2633 1059 2711 septenarios
1083 2636 1184 2710 fuisse,

20 2782 23 2787 ,
56 2723 160 2779 ἲαωειι
179 2735 239 2775 non
252 2711 314 2772 sine
328 2714 529 2775 audacioribus
542 2712 750 2771 mutationibus
770 2713 800 2770 in
820 2713 891 2771 illud
908 2725 1033 2772 metrum
1047 2715 1183 2795 redigen.

10 2842 14 2847 .
57 2801 116 2863 tur.
159 2796 247 2860 Unde
266 2807 336 2855 nata
354 2793 424 2854 mihi
445 2798 615 2873 conjectura
635 2805 689 2864 est,
710 2793 774 2852 illos
789 2790 1034 2873 quoqueversus,
1056 2808 1183 2875 excepto

57 2884 153 2952 Pumo
167 2896 278 2947 eorum,
302 2877 351 2958 qui
369 2874 536 2938 trochaicus
557 2875 680 2935 dimeter
694 2875 882 2955 catalecticus
903 2888 956 2947 est,
978 2877 1094 2937 Ionicos
1108 2898 1182 2952 esse,

10 3006 12 3011 -
59 2965 111 3024 'ed
133 2963 281 3024 trimetros
300 2959 580 3039 brachycatalectos,
601 2958 621 3017 i.
641 2976 668 3018 e.
691 2956 823 3015 Sotadeis
847 2977 906 3016 uno
929 2957 1004 3036 pede
1027 2959 1183 3020 breviores.

10 3056 17 3115 l,
59 3031 106 3106 lta
128 3043 202 3104 nihil
225 3043 331 3103 mutari
353 3060 477 3120 necesse
496 3041 561 3111 erit,
582 3040 647 3110 nisi,
670 3058 735 3116 quae
756 3057 787 3096 re
810 3058 879 3098 vera
899 3039 986 3097 nullae
1007 3044 1183 3104 mutationes

10 3122 25 3205 f,
60 3133 136 3199 ⁸unt,
159 3126 327 3205 ingratiam
348 3123 493 3203 ingratiis,
516 3132 546 3179 et
560 3121 693 3179 excitauit
713 3120 744 3176 in
759 3130 939 3179 contractam
960 3121 1100 3198 praetcriti
1121 3126 1180 3184 for.

11 3234 21 3289 ς.
59 3212 135 3268 mam
150 3205 263 3268 excitat.
306 3205 355 3265 Sic
370 3204 467 3282 igitur,
488 3202 543 3260 nisi
556 3201 649 3270 fallor,
673 3200 870 3280 disponendus
883 3201 938 3260 erit
952 3200 1034 3262 loeus
1049 3198 1121 3265 ister

200 3337 267 3394 hate
279 3340 336 3403 heri
347 3337 515 3396 immodestia

16 3472 21 3487 ι
129 3412 203 3482 erigit
214 3429 267 3477 me,
282 3411 327 3481 qui
338 3411 389 3464 huc
402 3410 486 3464 noctis
498 3428 514 3464 a
526 3410 604 3480 pdrtu

18 3506 27 3539 t
127 3480 250 3552 ingrfitiis
262 3480 378 3536 dxcitit:
397 3496 487 3535 nonne
498 3481 570 3535 idem

126 3553 181 3607 boe
192 3553 246 3607 luci
258 3553 301 3607 me
314 3555 418 3607 mittere
430 3551 540 3622 pbtuit?

10 3626 17 3671 -'
31 3628 34 3633 '
127 3623 258 3694 opulento
269 3618 372 3678 bomini
383 3623 449 3677 haec
463 3623 574 3677 servitus
586 3622 653 3677 dura
663 3633 721 3678 est:

12 3695 15 3699 ’
64 3690 97 3742 ⁵⁵
128 3695 181 3748 hdo
193 3695 273 3766 maigis
286 3695 364 3748 miser
376 3694 416 3748 est
428 3695 517 3747 divitis
529 3694 627 3748 servos.

129 3765 273 3836 noctesque
284 3764 393 3834 diesque
404 3765 510 3826 issidori
521 3767 585 3821 satis
597 3765 788 3837 superqueest,

10 3852 32 3900 u,
130 3837 182 3905 quo
193 3835 264 3890 lacto
276 3847 323 3893 aut
334 3837 406 3889 dicto
419 3835 494 3889 ade‘st
506 3837 583 3905 opus,
600 3838 705 3906 quietus
717 3837 751 3890 ne
763 3837 808 3890 sis.

10 3917 26 3976 p
132 3905 188 3975 ipse
199 3906 330 3970 dominus,
348 3907 524 3976 ditescimus,
542 3907 570 3960 et
581 3904 677 3963 laboris
690 3908 792 3976 expers,

33 3992 46 4004 ’·
134 3977 311 4047 quodcumque
322 3977 427 4030 hoinini*
440 3976 536 4030 decidit
551 3976 641 4044 libere,
657 3976 735 4048 posse
745 3974 835 4032 r'etur:

18 4106 26 4127 ἱ
77 4041 107 4090 ⁶0
135 4045 409 4119 atquomtsseputat‚
426 4048 606 4119 nonreputtt
623 4050 849 4121 laborisquldsit.
888 4097 890 4101 ,

37 4208 41 4221 .
84 4147 242 4228 harundo
266 4169 371 4226 horum
392 4172 622 4249 versuumcogit
645 4174 736 4251 major
756 4190 822 4249 pars
844 4156 979 4230 codicum
1000 4191 1054 4251 pro
1078 4172 1174 4254 coegit.

16 4250 30 4263 ''
60 4284 62 4288 ·
86 4224 160 4302 larba
171 4260 283 4333 apertu
296 4251 327 4310 ur
341 4270 399 4313 uuo
413 4250 601 4315 Leidensium
615 4252 749 4313 codicum
763 4254 877 4312 desunt.
904 4294 907 4303 .
931 4270 936 4280 ·
952 4295 968 4305 .,
1103 4271 1106 4275 ·
