2694 4866
331 275 389 337 DE
413 273 621 340 VERSIBUS
643 272 926 337 DOCHMIACIS.
1130 274 1185 336 171

215 441 290 517 idsi’,
304 444 352 512 tra
368 448 514 529 πςονίμαται

134 532 163 586 τὶ
177 525 316 608 dacigenas
336 525 405 605 αἷμα
418 528 596 612 φυσῦνἌςης.

216 607 363 690 παράγεται
376 613 415 682 γὲ
444 610 521 691 ἰήμν

99 705 103 709 “
138 687 275 756 dsAso'sroac
289 696 387 772 siguyls
408 637 463 751 ileu
482 689 582 763 πίνας.

89 811 147 868 lura
168 806 235 866 vide
256 808 333 886 apud
365 807 527 868 Seidlerum
547 828 577 886 p.
600 810 667 867 125.
696 824 760 885 seq.
781 803 830 881 qui
850 802 910 860 huc
929 800 1038 860 referre
1058 798 1184 858 debebat

89 908 165 960 cum,
179 907 266 967 quern
280 908 318 947 ex
334 888 511 950 Prometheo
525 909 554 947 v.
567 892 637 949 688.
654 908 682 966 p.
701 891 769 948 128.
789 883 897 957 attulit,
919 895 951 942 ut
972 893 1030 941 tres
1052 880 1185 940 Creticus

89 968 194 1050 ¹njungi
216 969 345 1042 doceret,

132 1085 163 1146 ’ἔα
175 1083 214 1152 ἐἀ,
235 1083 319 1163 ἐ’πεχε,
336 1093 392 1161 φεῦ.

89 1215 119 1259 rc
132 1196 239 1258 deinde
253 1197 312 1275 legi
325 1198 416 1259 vellet

131 1312 230 1387 οὔποτ’,
244 1313 333 1376 oilmr'
345 1315 438 1393 cdxcvi
448 1313 538 1390 zituar,

89 1448 126 1503 re,
141 1439 175 1488 ut
188 1427 306 1508 quidam
319 1428 385 1487 libri
397 1429 518 1502 habent,
533 1430 721 1504 scriberetur,

136 1544 264 1605 ainricus-⁹
278 1544 404 1605 omdaeor'
427 1543 520 1624 nr’r'xoos
534 1545 622 1620 ξένους.
663 1550 665 1555 ’

89 1666 138 1798 ngr
157 1654 269 1799 rgedios
282 1654 432 1716 dochmios
447 1668 506 1718 tres
519 1678 639 1738 paeones
653 1659 751 1737 quarti
764 1658 795 1716 in
810 1656 986 1717 Prometheo
1000 1654 1186 1717 inveniuntur

89 1742 97 1799 l
119 1780 129 1797 .
149 1742 167 1797 5
190 1743 218 1798 8.

136 1856 166 1914 rr'
182 1855 242 1915 rosi
254 1855 294 1933 μ’,
309 1854 330 1914 ὅ
344 1857 427 1938 Kgo'rss
439 1864 497 1927 παῖ,
511 1861 542 1919 ‘rs'
552 1884 614 1920 rora
627 1857 718 1920 ταῖσδ’.

135 1935 252 1996 trimi»
264 1962 291 1996 τι
312 1937 374 1996 rim
388 1938 529 2015 hripum,
549 1940 580 2000 οἵ.

89 2048 138 2107 uin
158 2050 286 2130 quinque
306 2051 419 2125 breves,
440 2074 506 2133 quae
528 2055 638 2115 Cretici
662 2055 708 2115 vel
734 2055 819 2135 primi
834 2051 964 2132 quartive
984 2051 1092 2131 peonis
1106 2052 1183 2111 solu·

89 2148 138 2191 one
151 2143 224 2192 orta
236 2132 400 2207 videantur,
421 2135 499 2215 apud
514 2135 691 2216 Sophoclem
705 2146 823 2197 exstant
837 2136 868 2192 in
883 2130 960 2219 OEd.
976 2132 1014 2193 R.
1030 2137 1098 2196 661.
1112 2137 1184 2194 690.

125 2254 192 2314 -Ssir
212 2251 415 2335 ngo'psor‘'AAur·
436 2254 488 2315 imi
501 2255 587 2327 ἔθεος,
601 2254 705 2332 ἔφαλος,

219 2333 271 2395 ‘o'ss
286 2333 405 2412 riparia

142 2415 256 2492 inolpcar,
271 2415 381 2497 φςᾶνησιι
394 2422 413 2475 si
427 2415 497 2476 srr'rd
512 2415 573 2494 ἰ’χα.

142 2494 218 2569 ἅπαξ
231 2496 311 2573 pison
328 2496 381 2556 ἴσθι
394 2494 420 2557 di
432 2497 634 2580 παςαφςὸνιμαν,
648 2497 745 2579 α’ίποςον

226 2579 269 2637 ἐπὶ
291 2578 398 2678 <opiinus

142 2657 277 2730 πεφάνθαι
291 2685 314 2735 μ
336 2658 376 2730 r’r'r,
391 2659 416 2718 εἴ
425 2685 451 2719 os
465 2661 623 2738 νοσφίζομαι.

101 2776 150 2834 34.
171 2772 232 2850 Sed
244 2773 393 2853 quaeritur,
408 2794 467 2855 quo
482 2794 608 2835 numero
621 2775 679 2836 sint
694 2775 725 2832 hi
749 2791 877 2853 paeones.
920 2775 1020 2853 Atque
1042 2772 1080 2831 ad
1103 2770 1190 2831 musi-

89 2869 165 2911 orum
185 2853 303 2932 quidem
317 2855 442 2916 rationes
457 2856 636 2936 rhythmicas
657 2856 729 2915 nihil
750 2853 921 2916 discriminis
942 2865 987 2913 est
1000 2854 1076 2913 inter
1097 2853 1192 2912 Creti·

89 2946 175 2994 umet
195 2946 353 3015 utrumque
373 2957 526 3016 paeonem:
546 2957 699 2998 numerum
720 2957 790 2998 vero
814 2936 838 2995 si
860 2947 1035 3015 spectemus,
1059 2934 1190 2993 diversis-

89 3014 129 3072 mi
140 3015 171 3074 hi
185 3017 299 3076 numeri
312 3030 390 3092 sunt,
412 3030 444 3078 ut
464 3039 523 3077 non
544 3031 654 3080 temere
668 3039 732 3078 esse
745 3017 888 3091 videatur,
909 3017 989 3096 quod
1003 3035 1081 3075 nunc
1097 3015 1193 3076 Creti-

89 3112 126 3166 os,
144 3115 223 3155 nnnc
243 3099 350 3176 primos
370 3119 496 3179 paeones,
517 3120 597 3160 nunc
618 3111 736 3180 quartos
756 3101 855 3179 politae
880 3109 1050 3178 posuerunt.
1092 3097 1131 3155 Et
1159 3096 1190 3154 in

89 3175 234 3237 uibusdam
254 3178 373 3258 quidem
392 3181 464 3240 locis
483 3200 544 3241 non
564 3193 609 3242 est
623 3181 756 3255 dubium,
778 3199 910 3260 paeonem
932 3177 1106 3238 solutionem
1128 3196 1192 3237 esse
1294 3194 1296 3198 ·

89 3253 182 3328 herici,
205 3260 274 3320 satis
297 3261 328 3321 id
352 3252 494 3340 arguente
508 3282 604 3335 versu,
620 3263 669 3341 qui
684 3260 852 3342 respondet,
872 3260 949 3320 utin
964 3279 999 3325 eo
1012 3259 1090 3335 loco,
1105 3278 1193 3342 quem

89 3352 150 3416 lpra
163 3341 313 3401 attulimus
333 3361 372 3402 ex
394 3343 487 3404 Herc.
500 3345 558 3405 fiir.
572 3346 725 3419 tentat.
771 3377 775 3381 ·

142 3462 272 3538 xaegposael
286 3455 398 3541 langier
410 3457 496 3521 ’e'doraer
511 3462 628 3533 ἓαβολίς.

144 3539 182 3602 τίς
196 3541 207 3596 ὅ
222 3539 294 3605 Smin
307 3540 400 3620 rirspciqt
413 3544 528 3623 χςαίιαι,
542 3547 629 3610 Sacris
650 3539 699 3611 als,

89 3646 226 3730 tuumque
246 3652 381 3714 Creticus
404 3675 543 3716 numerus
567 3656 770 3717 usitatissimus
784 3654 821 3715 sit
835 3655 912 3715 inter
928 3654 1089 3727 dochmios,
1104 3654 1193 3714 etiam

89 3727 151 3787 rimi
159 3751 276 3810 paeones
290 3753 329 3793 ex
340 3736 464 3796 Creticis
474 3739 570 3818 potius
585 3738 683 3810 soluti,
698 3757 785 3816 quam
798 3756 867 3796 vere
881 3736 1006 3816 paeonici
1018 3755 1081 3796 esse
1094 3734 1194 3794 viden-

89 3822 125 3884 lr,
144 3814 304 3892 praesertim
326 3837 415 3894 quum
435 3820 583 3899 paeonicus
611 3840 649 3879 ex
661 3818 714 3878 -his
734 3816 857 3897 pedibus
878 3828 1015 3877 numerus
1035 3816 1126 3875 levior
1145 3816 1193 3890 sit,

89 3902 154 3952 uum
169 3895 220 3973 qui
233 3897 383 3975 tragoedioe
396 3899 465 3959 satis
480 3901 644 3961 conveniat.
686 3900 821 3980 Apparet
833 3910 942 3972 autem,
963 3898 1082 3976 egregie
1106 3897 1196 3957 inter·

89 3981 137 4032 um
149 3972 314 4055 adhibitum
328 3999 391 4038 esse
404 3982 510 4059 pedem
523 3982 621 4057 istum,
636 4001 695 4061 quo
708 3981 823 4040 mollior
836 3980 920 4040 fieret
943 3989 974 4038 et
997 3976 1119 4037 solutior
1142 3998 1196 4038 nu·
1221 4026 1223 4031 ¹

89 4062 174 4129 letus,
185 4057 259 4117 utin
269 4059 335 4119 loco
351 4060 504 4140 Sophoclis
517 4064 615 4142 paullo
628 4073 697 4123 ante
710 4063 808 4133 allato,
823 4061 871 4122 El.
887 4063 974 4124 1247.
991 4063 1079 4121 1268.
1100 4059 1199 4118 Aliter

89 4137 163 4196 ertio
183 4138 222 4198 de
238 4141 347 4219 quartis
361 4143 521 4220 paeonibus.
562 4145 606 4204 Hi
631 4145 709 4204 enirn
730 4155 762 4202 ut
783 4141 955 4223 quibusdam
975 4141 1005 4198 in
1020 4140 1102 4212 locis,
1117 4141 1198 4200 velut
1294 4180 1298 4191 ·

89 4225 159 4291 teo,
180 4219 233 4298 qui
246 4221 334 4280 modo
348 4241 387 4282 ex
403 4224 534 4285 Hercule
546 4227 663 4286 furente
677 4226 781 4285 allatus
801 4234 855 4296 est,
877 4241 935 4281 non
956 4221 1044 4281 dubie
1058 4239 1111 4300 pro
1126 4222 1199 4282 Cre·

89 4297 131 4359 eis
143 4299 234 4379 positi
247 4300 316 4375 sint,
330 4313 428 4365 tamen
441 4305 589 4386 plerisque
609 4308 640 4366 in
660 4306 742 4380 loeis,
763 4315 797 4365 ut
811 4307 842 4362 in
854 4304 911 4376 his,
931 4303 1115 4384 quos-paullo
1128 4313 1198 4362 aute

89 4380 278 4461 tuophoclis
302 4382 422 4446 Electra
445 4397 477 4447 et
505 4388 641 4469 AEschyli
666 4386 842 4448 Prometheo
857 4385 1019 4457 citavimus,
1043 4383 1066 4442 si
1088 4382 1200 4443 Cretici

89 4468 130 4535 “a
143 4463 310 4527 ammodo
331 4468 421 4531 verba
440 4468 552 4532 ictrlrus
564 4488 668 4552 parum
682 4469 831 4551 eleganter
845 4464 1068 4532 accommodata
1077 4462 1216 4534 habenti·
