2694 4866
118 258 137 313 a
519 248 604 325 rna
624 248 650 308 1.
674 247 767 310 cnr.
788 247 846 311 ιιι

118 433 169 484 aut
183 439 223 483 ex
237 419 295 480 arsi
308 429 339 479 et
352 419 429 480 thesi
443 429 590 492 coustant,
604 428 638 478 ut

200 538 267 611 όυ,
280 538 339 602 do
347 571 381 602 υ.

121 673 181 734 Sed
194 673 439 754 quemadmodum
453 671 568 752 singula
581 682 717 750 tempora
735 691 800 732 sese
819 671 959 752 ‘deinceps
973 671 1151 752 excipientis

117 775 217 816 aarum
229 767 319 834 atque
332 754 489 815 effectuum
502 753 631 832 speciem
640 756 782 832 praebent,
794 754 835 814 ita
848 753 920 812 nihil
933 754 1063 833 impedit,
1075 756 1146 834 quin
1161 780 1165 812 t

118 837 227 918 integri
240 838 356 907 ordines
370 837 447 897 inter
459 855 492 895 se
504 835 555 895 illo
566 835 854 896 efficientiaevinculo
865 836 975 915 possint
986 837 1136 916 conjuncti
1147 858 1165 895 v

119 921 209 986 Quod
222 919 265 994 fit,
281 939 372 1000 quum
384 918 429 977 vis
444 936 490 990 ea,
505 937 571 997 quae
584 917 647 978 ictu
660 917 816 991 indicatur,
836 918 878 979 ita
891 938 954 978 sese
969 919 1143 998 composuit,
1160 941 1165 976 t

118 1002 251 1063 ficariam
264 1020 347 1061 ruam
360 999 466 1079 sepius
479 999 585 1060 iterare
599 1000 715 1072 debeat,
736 999 827 1060 veluti
840 1000 870 1059 in
884 1000 967 1079 equis
980 999 1095 1059 tolutim
1110 1000 1165 1059 inc«

117 1085 197 1144 tibus
211 1083 351 1143 videmus.
393 1082 564 1163 cujusmodi
584 1081 711 1156 ordines,
734 1083 784 1162 qui
798 1102 837 1142 ex
857 1083 989 1160 ejusdem
1013 1081 1121 1141 ordinis
1142 1103 1165 1140 r<

117 1166 249 1227 tionibus
274 1173 422 1237 constant,
436 1182 632 1225 aanronrcos
650 1183 802 1224 nocemus.
843 1164 913 1223 Non
926 1175 1056 1242 possunt
1074 1175 1165 1222 auten

117 1257 165 1308 ter
178 1246 276 1327 plures
286 1245 403 1306 ordines
416 1265 476 1306 uno
490 1246 591 1307 ordine
605 1246 758 1325 periodico
773 1245 991 1325 comprehendi,
1004 1265 1090 1324 quarn
1105 1257 1138 1304 ut
1153 1265 1165 1304 ε

110 1328 160 1387 illi
174 1347 342 1388 caussarum
354 1338 443 1408 atque
463 1326 620 1389 effectuum
641 1328 799 1407 {equalitati
820 1327 952 1387 adstricti
972 1327 1039 1388 sint.
1078 1328 1165 1404 itaqu

111 1409 178 1482 illa,
193 1430 259 1489 quae
272 1410 377 1490 saepius
390 1410 489 1490 prodit
502 1409 661 1471 efficaciam
674 1429 767 1481 suam,
781 1429 840 1468 non
854 1419 952 1488 potest
967 1409 998 1467 id
1011 1428 1070 1467 non
1083 1409 1165 1468 facer

110 1492 235 1564 eodem,
256 1505 308 1551 aut
321 1491 407 1552 simili
421 1491 519 1554 modo.
560 1494 663 1571 Atque
678 1492 783 1552 eodem
803 1490 891 1551 modo
908 1490 993 1563 facit,
1014 1490 1165 1570 prodiven

109 1573 255 1634 ‚ordinum
268 1573 442 1655 simplicium
454 1593 544 1656 supra
564 1574 704 1649 indicata,
717 1572 889 1654 ¹repetendo
903 1572 1008 1634 codem
1016 1572 1124 1633 ¹ordine
1138 1571 1165 1631 si

115 1655 160 1728 ai,
175 1667 207 1716 ut
440 1669 442 1675 '

201 1788 268 1862 όό,
331 1806 336 1816 ·

191 2017 257 2084 (tv
279 2018 346 2090 όν,
371 2018 462 2084 (tw
485 2017 584 2084 όυιυ·

120 2153 213 2215 Simili
226 2167 324 2216 autem
340 2157 440 2228 modo,
454 2176 545 2236 quum
558 2154 601 2214 vis
614 2155 780 2216 remittitur.
823 2155 894 2215 Hoc
914 2156 991 2216 enim
1003 2155 1129 2215 ordines
1152 2177 1165 2234 p

84 2253 87 2261 ·
120 2237 177 2311 dici
192 2239 343 2318 proprium
356 2237 476 2309 habent,
491 2238 571 2318 quod
585 2235 706 2297 effectus
726 2237 814 2310 etiam
829 2237 923 2297 minor
937 2256 1039 2296 caussa
1051 2257 1104 2297 sua
1118 2257 1163 2296 ess

118 2330 187 2380 test.
230 2320 307 2379 Nam
331 2339 420 2398 quum
446 2319 608 2380 efficientiae
632 2320 705 2380 ratio
726 2319 783 2378 alia
802 2319 841 2378 sit
861 2319 891 2376 in
912 2318 1061 2379 ordinibus
1081 2320 1163 2397 perio

119 2420 205 2478 quarn
230 2402 261 2458 in
284 2400 405 2477 singulis
430 2400 623 2478 temporibus:
655 2400 763 2478 quippe
784 2400 814 2458 in
828 2398 949 2479 singulis
963 2400 1165 2479 temporibusr

120 2482 256 2559 quodque
271 2492 394 2559 tempus
409 2498 468 2560 ¹pro
489 2480 595 2540 effectu
615 2481 808 2559 praecedentis
828 2492 858 2541 et
879 2501 932 2560 pro
953 2501 1055 2541 caussa
1068 2483 1165 2560 insequ

119 2574 175 2634 est,
189 2582 228 2622 ex
242 2581 302 2642 quo
315 2562 396 2640 paria
411 2578 535 2622 >necesse
561 2571 606 2621 est
629 2573 763 2642 tempora
786 2582 863 2635 esse;
883 2563 919 2626 in,
927 2564 1076 2623 ordinibus
1090 2565 1165 2642 peri<

119 2656 217 2704 autem
231 2644 334 2704 eadem
354 2644 396 2702 vis
416 2655 509 2702 semet
529 2644 619 2722 ipsam
633 2644 742 2704 iterans
755 2645 861 2724 sapius
880 2644 910 2703 in
924 2657 1114 2724 conspectum
1128 2665 1163 2724 pr

119 2744 301 2805 consequens
314 2736 369 2798 est,
381 2737 424 2795 ut,
439 2724 685 2805 quemadmodum
696 2726 872 2806 quaequevis
886 2728 995 2787 remitti
1008 2738 1116 2805 potest,
1130 2728 1165 2787 ita

119 2827 239 2888 quoque
251 2809 343 2886 possit
356 2807 500 2867 remissior
511 2807 588 2879 fieri,
602 2819 633 2869 et
643 2809 765 2887 proinde
775 2807 898 2869 debilior
913 2810 984 2868 ordo
1000 2829 1037 2867 ex
1048 2809 1165 2867 fortiore

118 2889 191 2951 dire.
232 2889 347 2968 Augeri
367 2901 467 2950 autem
487 2909 547 2948 non
554 2901 674 2969 potest:
696 2889 766 2970 quia
778 2891 807 2950 -si
823 2902 992 2970 angeretur,
1007 2890 1063 2949 alia
1076 2890 1114 2948 ad
1128 2909 1165 2949 ea

107 2972 259 3031 vaccedere
273 2970 403 3043 deberet,
419 2969 497 3030 unde
507 2973 569 3050 jam
583 2991 642 3031 non
663 2973 765 3032 eadem
779 2983 920 3035 maneret.
963 2972 1165 3031 Remittitura

116 3051 204 3111 visin
220 3052 489 3132 ordinibusinipsu
505 3053 561 3112 arsi
582 3053 808 3114 consistentibus
828 3056 878 3126 ita,
901 3066 934 3114 ut
953 3053 1033 3133 prior
1053 3053 1125 3113 arsis
1145 3054 1165 3113 fi

116 3152 190 3208 rem,
203 3135 348 3214 posterior
362 3133 531 3195 debiliorem
545 3134 636 3195 ictum
650 3134 768 3209 habeat,

202 3243 214 3266 ll

194 3250 268 3322 vd&

117 3384 147 3442 in
168 3382 202 3442 iir
216 3402 287 3443 vero
308 3382 468 3457 ordioibns,
484 3383 514 3443 in
535 3382 643 3464 quibus
656 3383 746 3446 thesis
760 3384 888 3460 accedit,
902 3384 990 3466 hujus
1004 3384 1035 3443 id
1048 3385 1165 3465 magnit

116 3465 274 3555 minuenda
284 3464 418 3538 efficitur,
433 3477 466 3525 ut
763 3497 765 3500 >

197 3580 402 3657 κιΝΝιΗΙΛΙΛὶθ)1

115 3715 161 3777 vel

360 3875 366 3895 l
463 3876 469 3895 t

199 3874 531 3960 Lowssoosso.

119 4026 246 4088 Ordines
255 4028 419 4108 periodicos
432 4025 555 4106 posthac
568 4027 610 4086 ita
629 4026 866 4108 significabimus,
888 4041 922 4089 ut
933 4029 1057 4109 primam
1071 4038 1165 4090 tantur

115 4109 162 4170 sin
174 4108 258 4189 apice
271 4122 417 4185 notemus,
432 4127 520 4187 quam
533 4107 676 4169 rationem
689 4111 802 4191 preivit
815 4111 977 4186 Bentleins,
992 4123 1023 4171 ut

195 4222 650 4290 ssuv-wssuu-uu

131 4411 134 4416 .
196 4357 247 4420 tlt
259 4385 285 4419 rr
298 4364 326 4419 ri
340 4357 548 4442 ddigrrprrrurl
558 4361 580 4420 ri
591 4362 676 4429 rrius·
