<?xml version="1.0" encoding="UTF-8"?>
<!DOCTYPE html PUBLIC "-//W3C//DTD XHTML 1.0 Transitional//EN"
    "http://www.w3.org/TR/xhtml1/DTD/xhtml1-transitional.dtd">
<html xmlns="http://www.w3.org/1999/xhtml" xml:lang="en" lang="en">
 <head>
  <title>
</title>
<meta http-equiv="Content-Type" content="text/html;charset=utf-8" />
  <meta name='ocr-system' content='tesseract 3.04.00' />
  <meta name='ocr-capabilities' content='ocr_page ocr_carea ocr_par ocr_line ocrx_word'/>
</head>
<body>
  <div class='ocr_page' id='page_1' title='image "./elementadoctrin00hermgoog_0176.png"; bbox 0 0 2694 4866; ppageno 0'>
   <div class='ocr_carea' id='block_1_1' title="bbox 243 273 1225 344">
    <p class='ocr_par' dir='ltr' id='par_1_1' title="bbox 243 273 1225 344">
     <span class='ocr_line' id='line_1_1' title="bbox 243 273 1225 344; baseline -0.003 0"><span class='ocrx_word' id='word_1_1' title='bbox 243 302 248 312; x_wconf 66' lang='grc'><em>’</em></span> <span class='ocrx_word' id='word_1_2' title='bbox 360 281 420 344; x_wconf 85' lang='lat' dir='ltr'><strong>DE</strong></span> <span class='ocrx_word' id='word_1_3' title='bbox 441 277 627 343; x_wconf 82' lang='lat' dir='ltr'>NUMERO</span> <span class='ocrx_word' id='word_1_4' title='bbox 650 273 971 340; x_wconf 78' lang='lat' dir='ltr'><strong>ANTISPASTICO.</strong></span> <span class='ocrx_word' id='word_1_5' title='bbox 1165 282 1225 342; x_wconf 60' lang='lat'><strong>‘141</strong></span> 
     </span>
    </p>
   </div>
   <div class='ocr_carea' id='block_1_2' title="bbox 89 442 1315 1022">
    <p class='ocr_par' dir='ltr' id='par_1_2' title="bbox 89 442 1315 1022">
     <span class='ocr_line' id='line_1_2' title="bbox 89 442 1315 527; baseline -0.011 -7"><span class='ocrx_word' id='word_1_6' title='bbox 89 442 178 520; x_wconf 85' lang='lat' dir='ltr'><strong>certe</strong></span> <span class='ocrx_word' id='word_1_7' title='bbox 192 473 291 518; x_wconf 86' lang='lat' dir='ltr'><strong>versus</strong></span> <span class='ocrx_word' id='word_1_8' title='bbox 304 452 516 515; x_wconf 86' lang='lat' dir='ltr'><strong>choriambicos</strong></span> <span class='ocrx_word' id='word_1_9' title='bbox 531 470 597 511; x_wconf 91' lang='lat' dir='ltr'><strong>cum</strong></span> <span class='ocrx_word' id='word_1_10' title='bbox 610 449 673 509; x_wconf 89' lang='lat' dir='ltr'><strong>basi</strong></span> <span class='ocrx_word' id='word_1_11' title='bbox 686 468 745 508; x_wconf 91' lang='lat' dir='ltr'><strong>non</strong></span> <span class='ocrx_word' id='word_1_12' title='bbox 759 446 971 527; x_wconf 87' lang='lat' dir='ltr'><strong>antispasticos,</strong></span> <span class='ocrx_word' id='word_1_13' title='bbox 989 446 1042 508; x_wconf 85' lang='lat' dir='ltr'><strong>sed</strong></span> <span class='ocrx_word' id='word_1_14' title='bbox 1054 446 1227 508; x_wconf 85' lang='lat' dir='ltr'><strong>choriambi·</strong></span> <span class='ocrx_word' id='word_1_15' title='bbox 1308 504 1315 512; x_wconf 89' lang='grc'><em>,</em></span> 
     </span>
     <span class='ocr_line' id='line_1_3' title="bbox 93 529 1228 616; baseline -0.01 -15"><span class='ocrx_word' id='word_1_16' title='bbox 93 561 147 601; x_wconf 89' lang='lat' dir='ltr'><strong>cos</strong></span> <span class='ocrx_word' id='word_1_17' title='bbox 161 558 237 611; x_wconf 88' lang='lat' dir='ltr'><strong>esse,</strong></span> <span class='ocrx_word' id='word_1_18' title='bbox 258 541 318 616; x_wconf 89' lang='lat' dir='ltr'><strong>jam</strong></span> <span class='ocrx_word' id='word_1_19' title='bbox 329 535 427 597; x_wconf 79' lang='lat' dir='ltr'><strong>Larini</strong></span> <span class='ocrx_word' id='word_1_20' title='bbox 441 531 623 613; x_wconf 87' lang='lat' dir='ltr'><strong>grammatici</strong></span> <span class='ocrx_word' id='word_1_21' title='bbox 643 530 862 602; x_wconf 85' lang='lat' dir='ltr'><strong>intellexerunt,</strong></span> <span class='ocrx_word' id='word_1_22' title='bbox 884 529 1078 589; x_wconf 84' lang='lat' dir='ltr'><strong>Terentianus</strong></span> <span class='ocrx_word' id='word_1_23' title='bbox 1091 551 1120 610; x_wconf 90' lang='lat' dir='ltr'><strong>p.</strong></span> <span class='ocrx_word' id='word_1_24' title='bbox 1137 534 1228 592; x_wconf 71' lang='lat'><strong>2443.</strong></span> 
     </span>
     <span class='ocr_line' id='line_1_4' title="bbox 93 604 1229 696; baseline -0.013 -12"><span class='ocrx_word' id='word_1_25' title='bbox 93 623 212 684; x_wconf 89' lang='lat' dir='ltr'><strong>Marius</strong></span> <span class='ocrx_word' id='word_1_26' title='bbox 227 618 395 679; x_wconf 75' lang='lat' dir='ltr'>Victorinus</span> <span class='ocrx_word' id='word_1_27' title='bbox 409 637 438 696; x_wconf 89' lang='lat' dir='ltr'><strong>p.</strong></span> <span class='ocrx_word' id='word_1_28' title='bbox 453 621 543 678; x_wconf 73' lang='lat'><strong>2594.</strong></span> <span class='ocrx_word' id='word_1_29' title='bbox 560 617 650 676; x_wconf 84' lang='grc'><strong>2797.</strong></span> <span class='ocrx_word' id='word_1_30' title='bbox 663 632 724 690; x_wconf 88' lang='lat' dir='ltr'><strong>seq.</strong></span> <span class='ocrx_word' id='word_1_31' title='bbox 746 612 858 671; x_wconf 87' lang='lat' dir='ltr'><strong>Plotius</strong></span> <span class='ocrx_word' id='word_1_32' title='bbox 871 632 902 691; x_wconf 88' lang='lat' dir='ltr'><strong>p.</strong></span> <span class='ocrx_word' id='word_1_33' title='bbox 914 615 1006 673; x_wconf 85' lang='grc'><strong>2655.</strong></span> <span class='ocrx_word' id='word_1_34' title='bbox 1047 613 1087 671; x_wconf 89' lang='lat' dir='ltr'><strong>Et</strong></span> <span class='ocrx_word' id='word_1_35' title='bbox 1097 613 1138 693; x_wconf 25' lang='lat' dir='ltr'><strong>,de</strong></span> <span class='ocrx_word' id='word_1_36' title='bbox 1153 604 1229 670; x_wconf 90' lang='lat' dir='ltr'><strong>Pha-</strong></span> 
     </span>
     <span class='ocr_line' id='line_1_5' title="bbox 96 691 1231 772; baseline -0.007 -9"><span class='ocrx_word' id='word_1_37' title='bbox 96 700 190 765; x_wconf 67' lang='lat' dir='ltr'><strong>taceo</strong></span> <span class='ocrx_word' id='word_1_38' title='bbox 217 720 303 761; x_wconf 90' lang='lat' dir='ltr'><strong>versu</strong></span> <span class='ocrx_word' id='word_1_39' title='bbox 327 697 525 759; x_wconf 87' lang='lat' dir='ltr'><strong>testimonium</strong></span> <span class='ocrx_word' id='word_1_40' title='bbox 546 696 686 754; x_wconf 90' lang='lat' dir='ltr'><strong>habemus</strong></span> <span class='ocrx_word' id='word_1_41' title='bbox 710 695 741 752; x_wconf 90' lang='lat' dir='ltr'><strong>in</strong></span> <span class='ocrx_word' id='word_1_42' title='bbox 765 695 903 764; x_wconf 86' lang='lat' dir='ltr'>carmine,</span> <span class='ocrx_word' id='word_1_43' title='bbox 924 694 1004 772; x_wconf 94' lang='lat' dir='ltr'><strong>quod</strong></span> <span class='ocrx_word' id='word_1_44' title='bbox 1023 694 1099 753; x_wconf 87' lang='lat' dir='ltr'><strong>inter</strong></span> <span class='ocrx_word' id='word_1_45' title='bbox 1121 691 1231 755; x_wconf 87' lang='lat' dir='ltr'><strong>Catulli</strong></span> 
     </span>
     <span class='ocr_line' id='line_1_6' title="bbox 100 772 1230 861; baseline -0.008 -18"><span class='ocrx_word' id='word_1_46' title='bbox 100 785 228 844; x_wconf 87' lang='lat' dir='ltr'><strong>carmina</strong></span> <span class='ocrx_word' id='word_1_47' title='bbox 249 779 520 861; x_wconf 88' lang='lat' dir='ltr'><strong>quinquagesimum</strong></span> <span class='ocrx_word' id='word_1_48' title='bbox 535 777 668 855; x_wconf 89' lang='lat' dir='ltr'><strong>quintum</strong></span> <span class='ocrx_word' id='word_1_49' title='bbox 682 786 736 846; x_wconf 86' lang='lat' dir='ltr'><strong>est,</strong></span> <span class='ocrx_word' id='word_1_50' title='bbox 756 775 785 832; x_wconf 91' lang='lat' dir='ltr'><strong>in</strong></span> <span class='ocrx_word' id='word_1_51' title='bbox 808 795 866 853; x_wconf 89' lang='lat' dir='ltr'><strong>quo</strong></span> <span class='ocrx_word' id='word_1_52' title='bbox 889 774 1002 854; x_wconf 77' lang='lat' dir='ltr'><strong>dactyli</strong></span> <span class='ocrx_word' id='word_1_53' title='bbox 1019 775 1049 833; x_wconf 90' lang='lat' dir='ltr'><strong>in</strong></span> <span class='ocrx_word' id='word_1_54' title='bbox 1067 772 1230 855; x_wconf 80' lang='lat' dir='ltr'><strong>spondeuni</strong></span> 
     </span>
     <span class='ocr_line' id='line_1_7' title="bbox 102 856 1229 940; baseline -0.01 -15"><span class='ocrx_word' id='word_1_55' title='bbox 102 865 272 936; x_wconf 84' lang='lat' dir='ltr'><strong>contractio,</strong></span> <span class='ocrx_word' id='word_1_56' title='bbox 294 862 349 922; x_wconf 88' lang='lat' dir='ltr'><strong>etsi</strong></span> <span class='ocrx_word' id='word_1_57' title='bbox 362 862 411 927; x_wconf 84' lang='lat' dir='ltr'><strong>illa</strong></span> <span class='ocrx_word' id='word_1_58' title='bbox 424 879 527 940; x_wconf 88' lang='lat' dir='ltr'><strong>parum</strong></span> <span class='ocrx_word' id='word_1_59' title='bbox 541 860 670 936; x_wconf 80' lang='lat' dir='ltr'>elegans,</span> <span class='ocrx_word' id='word_1_60' title='bbox 690 870 789 917; x_wconf 87' lang='lat' dir='ltr'><strong>tamen</strong></span> <span class='ocrx_word' id='word_1_61' title='bbox 803 856 940 931; x_wconf 80' lang='lat' dir='ltr'>ostendit,</span> <span class='ocrx_word' id='word_1_62' title='bbox 961 859 1078 935; x_wconf 66' lang='lat' dir='ltr'><strong>poetam</strong></span> <span class='ocrx_word' id='word_1_63' title='bbox 1098 876 1158 917; x_wconf 91' lang='lat' dir='ltr'><strong>non</strong></span> <span class='ocrx_word' id='word_1_64' title='bbox 1178 874 1229 915; x_wconf 87' lang='lat' dir='ltr'><strong>vo·</strong></span> 
     </span>
     <span class='ocr_line' id='line_1_8' title="bbox 103 936 665 1022; baseline -0.009 -19"><span class='ocrx_word' id='word_1_65' title='bbox 103 936 186 1006; x_wconf 87' lang='lat' dir='ltr'><strong>luisse</strong></span> <span class='ocrx_word' id='word_1_66' title='bbox 198 965 314 1009; x_wconf 84' lang='lat' dir='ltr'><strong>versum</strong></span> <span class='ocrx_word' id='word_1_67' title='bbox 328 942 545 1022; x_wconf 88' lang='lat' dir='ltr'><strong>antispasticum</strong></span> <span class='ocrx_word' id='word_1_68' title='bbox 555 941 665 1012; x_wconf 87' lang='lat' dir='ltr'><strong>facere,</strong></span> 
     </span>
    </p>
   </div>
   <div class='ocr_carea' id='block_1_3' title="bbox 171 1059 686 1130">
    <p class='ocr_par' dir='ltr' id='par_1_3' title="bbox 171 1059 686 1130">
     <span class='ocr_line' id='line_1_9' title="bbox 171 1059 686 1130; baseline -0.017 -10"><span class='ocrx_word' id='word_1_69' title='bbox 171 1082 287 1130; x_wconf 87' lang='lat' dir='ltr'><strong>oramus,</strong></span> <span class='ocrx_word' id='word_1_70' title='bbox 303 1061 325 1116; x_wconf 92' lang='lat' dir='ltr'><strong>si</strong></span> <span class='ocrx_word' id='word_1_71' title='bbox 337 1059 406 1116; x_wconf 86' lang='lat' dir='ltr'><strong>forte</strong></span> <span class='ocrx_word' id='word_1_72' title='bbox 419 1078 474 1116; x_wconf 90' lang='lat' dir='ltr'><strong>non</strong></span> <span class='ocrx_word' id='word_1_73' title='bbox 487 1059 627 1114; x_wconf 90' lang='lat' dir='ltr'><strong>molestum</strong></span> <span class='ocrx_word' id='word_1_74' title='bbox 637 1066 686 1112; x_wconf 89' lang='lat' dir='ltr'><strong>est.</strong></span> 
     </span>
    </p>
   </div>
   <div class='ocr_carea' id='block_1_4' title="bbox 89 1159 1331 4420">
    <p class='ocr_par' dir='ltr' id='par_1_4' title="bbox 89 1159 1331 4420">
     <span class='ocr_line' id='line_1_10' title="bbox 109 1159 1232 1244; baseline -0.002 -18"><span class='ocrx_word' id='word_1_75' title='bbox 109 1164 177 1226; x_wconf 78' lang='lat' dir='ltr'><strong>llam</strong></span> <span class='ocrx_word' id='word_1_76' title='bbox 191 1167 229 1226; x_wconf 90' lang='lat' dir='ltr'><strong>ad</strong></span> <span class='ocrx_word' id='word_1_77' title='bbox 243 1164 461 1243; x_wconf 88' lang='lat' dir='ltr'><strong>antispasticnm</strong></span> <span class='ocrx_word' id='word_1_78' title='bbox 476 1163 586 1244; x_wconf 80' lang='lat' dir='ltr'><strong>syllaba</strong></span> <span class='ocrx_word' id='word_1_79' title='bbox 599 1162 630 1221; x_wconf 89' lang='lat' dir='ltr'><strong>iu</strong></span> <span class='ocrx_word' id='word_1_80' title='bbox 645 1161 742 1221; x_wconf 90' lang='lat' dir='ltr'><strong>medio</strong></span> <span class='ocrx_word' id='word_1_81' title='bbox 756 1159 906 1237; x_wconf 84' lang='lat' dir='ltr'><strong>deficeret,</strong></span> <span class='ocrx_word' id='word_1_82' title='bbox 931 1183 1021 1243; x_wconf 91' lang='lat' dir='ltr'><strong>quum</strong></span> <span class='ocrx_word' id='word_1_83' title='bbox 1035 1163 1073 1224; x_wconf 89' lang='lat' dir='ltr'><strong>ad</strong></span> <span class='ocrx_word' id='word_1_84' title='bbox 1092 1163 1232 1244; x_wconf 89' lang='lat' dir='ltr'><strong>logaoedi·</strong></span> 
     </span>
     <span class='ocr_line' id='line_1_11' title="bbox 103 1247 1008 1309; baseline -0.001 -2"><span class='ocrx_word' id='word_1_85' title='bbox 103 1265 170 1307; x_wconf 87' lang='lat' dir='ltr'><strong>-cum</strong></span> <span class='ocrx_word' id='word_1_86' title='bbox 183 1247 252 1309; x_wconf 93' lang='lat' dir='ltr'><strong>nihil</strong></span> <span class='ocrx_word' id='word_1_87' title='bbox 267 1247 351 1307; x_wconf 83' lang='lat' dir='ltr'><strong>desit.</strong></span> <span class='ocrx_word' id='word_1_88' title='bbox 1005 1280 1008 1288; x_wconf 93' lang='lat'>·</span> 
     </span>
     <span class='ocr_line' id='line_1_12' title="bbox 146 1322 1232 1408; baseline -0.001 -20"><span class='ocrx_word' id='word_1_89' title='bbox 146 1333 171 1388; x_wconf 91' lang='grc'><strong>2.</strong></span> <span class='ocrx_word' id='word_1_90' title='bbox 193 1329 407 1388; x_wconf 84' lang='lat' dir='ltr'><strong>Grammaticos</strong></span> <span class='ocrx_word' id='word_1_91' title='bbox 421 1329 555 1388; x_wconf 84' lang='lat' dir='ltr'><strong>deserere</strong></span> <span class='ocrx_word' id='word_1_92' title='bbox 569 1346 628 1385; x_wconf 91' lang='lat' dir='ltr'><strong>non</strong></span> <span class='ocrx_word' id='word_1_93' title='bbox 642 1325 704 1386; x_wconf 91' lang='lat' dir='ltr'><strong>ausi</strong></span> <span class='ocrx_word' id='word_1_94' title='bbox 719 1325 863 1386; x_wconf 91' lang='lat' dir='ltr'><strong>Burneius</strong></span> <span class='ocrx_word' id='word_1_95' title='bbox 877 1326 907 1384; x_wconf 90' lang='lat' dir='ltr'><strong>io</strong></span> <span class='ocrx_word' id='word_1_96' title='bbox 919 1322 1096 1408; x_wconf 67' lang='lat' dir='ltr'><strong>JI&#39;entamiri&#39;e</strong></span> <span class='ocrx_word' id='word_1_97' title='bbox 1116 1328 1153 1387; x_wconf 90' lang='lat' dir='ltr'><strong>de</strong></span> <span class='ocrx_word' id='word_1_98' title='bbox 1171 1348 1232 1388; x_wconf 91' lang='lat' dir='ltr'><strong>me·</strong></span> 
     </span>
     <span class='ocr_line' id='line_1_13' title="bbox 117 1406 1243 1490; baseline 0.003 -24"><span class='ocrx_word' id='word_1_99' title='bbox 117 1411 157 1469; x_wconf 90' lang='lat' dir='ltr'><strong>tris</strong></span> <span class='ocrx_word' id='word_1_100' title='bbox 169 1410 297 1490; x_wconf 86' lang='lat' dir='ltr'><strong>AEschyli</strong></span> <span class='ocrx_word' id='word_1_101' title='bbox 307 1431 336 1488; x_wconf 92' lang='lat' dir='ltr'><strong>p.</strong></span> <span class='ocrx_word' id='word_1_102' title='bbox 349 1415 376 1472; x_wconf 92' lang='grc'><strong>2.</strong></span> <span class='ocrx_word' id='word_1_103' title='bbox 386 1429 466 1489; x_wconf 85' lang='lat' dir='ltr'><strong>seqq.</strong></span> <span class='ocrx_word' id='word_1_104' title='bbox 479 1420 509 1468; x_wconf 90' lang='lat' dir='ltr'><strong>ct</strong></span> <span class='ocrx_word' id='word_1_105' title='bbox 523 1407 705 1469; x_wconf 87' lang='lat' dir='ltr'><strong>Gaisfordius</strong></span> <span class='ocrx_word' id='word_1_106' title='bbox 716 1406 754 1466; x_wconf 86' lang='lat' dir='ltr'><strong>ad</strong></span> <span class='ocrx_word' id='word_1_107' title='bbox 768 1406 1008 1488; x_wconf 77' lang='lat' dir='ltr'><strong>Hephaestionem</strong></span> <span class='ocrx_word' id='word_1_108' title='bbox 1018 1430 1049 1489; x_wconf 93' lang='lat' dir='ltr'><strong>p.</strong></span> <span class='ocrx_word' id='word_1_109' title='bbox 1059 1414 1129 1471; x_wconf 91' lang='grc'><strong>299.</strong></span> <span class='ocrx_word' id='word_1_110' title='bbox 1143 1430 1243 1488; x_wconf 33' lang='lat' dir='ltr'><strong>quum·</strong></span> 
     </span>
     <span class='ocr_line' id='line_1_14' title="bbox 119 1488 1234 1571; baseline 0.002 -23"><span class='ocrx_word' id='word_1_111' title='bbox 119 1493 254 1565; x_wconf 73' lang='lat' dir='ltr'>sentirent,</span> <span class='ocrx_word' id='word_1_112' title='bbox 275 1511 334 1551; x_wconf 92' lang='lat' dir='ltr'><strong>non</strong></span> <span class='ocrx_word' id='word_1_113' title='bbox 348 1491 416 1550; x_wconf 89' lang='lat' dir='ltr'><strong>satis</strong></span> <span class='ocrx_word' id='word_1_114' title='bbox 430 1501 567 1550; x_wconf 87' lang='lat' dir='ltr'><strong>accurate</strong></span> <span class='ocrx_word' id='word_1_115' title='bbox 582 1508 617 1548; x_wconf 90' lang='lat' dir='ltr'><strong>ac</strong></span> <span class='ocrx_word' id='word_1_116' title='bbox 630 1490 716 1567; x_wconf 88' lang='lat' dir='ltr'><strong>plene</strong></span> <span class='ocrx_word' id='word_1_117' title='bbox 730 1489 767 1548; x_wconf 91' lang='lat' dir='ltr'><strong>ab</strong></span> <span class='ocrx_word' id='word_1_118' title='bbox 789 1488 845 1547; x_wconf 91' lang='lat' dir='ltr'><strong>illis</strong></span> <span class='ocrx_word' id='word_1_119' title='bbox 870 1489 907 1548; x_wconf 92' lang='lat' dir='ltr'><strong>de</strong></span> <span class='ocrx_word' id='word_1_120' title='bbox 931 1503 1025 1550; x_wconf 88' lang='lat' dir='ltr'><strong>metro</strong></span> <span class='ocrx_word' id='word_1_121' title='bbox 1047 1491 1234 1571; x_wconf 83' lang='lat' dir='ltr'><strong>antispastico</strong></span> 
     </span>
     <span class='ocr_line' id='line_1_15' title="bbox 120 1570 1233 1653; baseline 0.004 -23"><span class='ocrx_word' id='word_1_122' title='bbox 120 1572 369 1653; x_wconf 70' lang='lat' dir='ltr'><strong>pmceptum‘esse,</strong></span> <span class='ocrx_word' id='word_1_123' title='bbox 390 1573 426 1632; x_wconf 91' lang='lat' dir='ltr'><strong>ab</strong></span> <span class='ocrx_word' id='word_1_124' title='bbox 448 1571 589 1650; x_wconf 88' lang='lat' dir='ltr'><strong>exemplis</strong></span> <span class='ocrx_word' id='word_1_125' title='bbox 607 1570 771 1649; x_wconf 82' lang='lat' dir='ltr'><strong>praesidium</strong></span> <span class='ocrx_word' id='word_1_126' title='bbox 793 1571 952 1649; x_wconf 88' lang='lat' dir='ltr'><strong>petendum</strong></span> <span class='ocrx_word' id='word_1_127' title='bbox 973 1571 1039 1645; x_wconf 86' lang='lat' dir='ltr'><strong>rati,</strong></span> <span class='ocrx_word' id='word_1_128' title='bbox 1059 1573 1145 1633; x_wconf 92' lang='lat' dir='ltr'><strong>aliam</strong></span> <span class='ocrx_word' id='word_1_129' title='bbox 1166 1572 1233 1652; x_wconf 61' lang='lat' dir='ltr'><strong>pro-J</strong></span> 
     </span>
     <span class='ocr_line' id='line_1_16' title="bbox 120 1652 1234 1733; baseline 0.003 -22"><span class='ocrx_word' id='word_1_130' title='bbox 120 1666 261 1729; x_wconf 88' lang='lat' dir='ltr'><strong>posuerunt</strong></span> <span class='ocrx_word' id='word_1_131' title='bbox 275 1655 499 1733; x_wconf 89' lang='lat' dir='ltr'><strong>antispastorum</strong></span> <span class='ocrx_word' id='word_1_132' title='bbox 513 1652 684 1724; x_wconf 86' lang='lat' dir='ltr'><strong>doctrinam,</strong></span> <span class='ocrx_word' id='word_1_133' title='bbox 705 1652 759 1711; x_wconf 88' lang='lat' dir='ltr'><strong>sed</strong></span> <span class='ocrx_word' id='word_1_134' title='bbox 772 1671 837 1712; x_wconf 91' lang='lat' dir='ltr'><strong>eam</strong></span> <span class='ocrx_word' id='word_1_135' title='bbox 851 1663 895 1712; x_wconf 87' lang='lat' dir='ltr'><strong>tot</strong></span> <span class='ocrx_word' id='word_1_136' title='bbox 917 1653 1063 1733; x_wconf 88' lang='lat' dir='ltr'><strong>tantisque</strong></span> <span class='ocrx_word' id='word_1_137' title='bbox 1083 1655 1234 1714; x_wconf 87' lang='lat' dir='ltr'><strong>abundan-</strong></span> 
     </span>
     <span class='ocr_line' id='line_1_17' title="bbox 121 1732 1234 1817; baseline 0.004 -26"><span class='ocrx_word' id='word_1_138' title='bbox 121 1736 311 1817; x_wconf 28' lang='lat' dir='ltr'><strong>tenplicentiid,</strong></span> <span class='ocrx_word' id='word_1_139' title='bbox 327 1750 359 1794; x_wconf 89' lang='lat' dir='ltr'><strong>ut</strong></span> <span class='ocrx_word' id='word_1_140' title='bbox 373 1736 423 1793; x_wconf 87' lang='lat' dir='ltr'><strong>vix</strong></span> <span class='ocrx_word' id='word_1_141' title='bbox 444 1734 601 1813; x_wconf 88' lang='lat' dir='ltr'><strong>quidquam</strong></span> <span class='ocrx_word' id='word_1_142' title='bbox 622 1734 669 1805; x_wconf 91' lang='lat' dir='ltr'><strong>sit,</strong></span> <span class='ocrx_word' id='word_1_143' title='bbox 693 1732 772 1812; x_wconf 86' lang='lat' dir='ltr'><strong>quod</strong></span> <span class='ocrx_word' id='word_1_144' title='bbox 796 1753 855 1792; x_wconf 91' lang='lat' dir='ltr'><strong>non</strong></span> <span class='ocrx_word' id='word_1_145' title='bbox 879 1734 991 1794; x_wconf 89' lang='lat' dir='ltr'><strong>licitum</strong></span> <span class='ocrx_word' id='word_1_146' title='bbox 1016 1738 1046 1792; x_wconf 90' lang='lat' dir='ltr'><strong>in</strong></span> <span class='ocrx_word' id='word_1_147' title='bbox 1070 1736 1234 1815; x_wconf 87' lang='lat' dir='ltr'><strong>antispastis</strong></span> 
     </span>
     <span class='ocr_line' id='line_1_18' title="bbox 123 1806 1313 1896; baseline 0.002 -27"><span class='ocrx_word' id='word_1_148' title='bbox 123 1806 215 1875; x_wconf 85' lang='lat' dir='ltr'><strong>baberi</strong></span> <span class='ocrx_word' id='word_1_149' title='bbox 230 1816 328 1896; x_wconf 82' lang='lat' dir='ltr'><strong>quea&#39;t.</strong></span> <span class='ocrx_word' id='word_1_150' title='bbox 367 1819 500 1882; x_wconf 77' lang='lat' dir='ltr'><strong>‚Quorum</strong></span> <span class='ocrx_word' id='word_1_151' title='bbox 526 1827 559 1874; x_wconf 87' lang='lat' dir='ltr'><strong>ut</strong></span> <span class='ocrx_word' id='word_1_152' title='bbox 581 1835 671 1874; x_wconf 89' lang='lat' dir='ltr'><strong>unum</strong></span> <span class='ocrx_word' id='word_1_153' title='bbox 695 1815 821 1886; x_wconf 86' lang='lat' dir='ltr'><strong>afferam,</strong></span> <span class='ocrx_word' id='word_1_154' title='bbox 842 1835 896 1894; x_wconf 92' lang='lat' dir='ltr'><strong>pro</strong></span> <span class='ocrx_word' id='word_1_155' title='bbox 916 1817 1074 1895; x_wconf 86' lang='lat' dir='ltr'><strong>antispasto</strong></span> <span class='ocrx_word' id='word_1_156' title='bbox 1088 1819 1176 1876; x_wconf 90' lang='lat' dir='ltr'><strong>etiam</strong></span> <span class='ocrx_word' id='word_1_157' title='bbox 1190 1817 1236 1877; x_wconf 90' lang='lat' dir='ltr'><strong>vel</strong></span> <span class='ocrx_word' id='word_1_158' title='bbox 1311 1867 1313 1871; x_wconf 89' lang='lat'><strong>.</strong></span> 
     </span>
     <span class='ocr_line' id='line_1_19' title="bbox 124 1892 1235 1975; baseline 0.005 -23"><span class='ocrx_word' id='word_1_159' title='bbox 124 1892 261 1957; x_wconf 85' lang='lat' dir='ltr'><strong>diiambum</strong></span> <span class='ocrx_word' id='word_1_160' title='bbox 276 1898 322 1957; x_wconf 92' lang='lat' dir='ltr'><strong>vel</strong></span> <span class='ocrx_word' id='word_1_161' title='bbox 336 1897 527 1957; x_wconf 88' lang='lat' dir='ltr'><strong>ditrochaeum</strong></span> <span class='ocrx_word' id='word_1_162' title='bbox 540 1897 610 1975; x_wconf 92' lang='lat' dir='ltr'><strong>poni</strong></span> <span class='ocrx_word' id='word_1_163' title='bbox 623 1896 733 1956; x_wconf 85' lang='lat' dir='ltr'><strong>volunt.</strong></span> <span class='ocrx_word' id='word_1_164' title='bbox 776 1900 818 1954; x_wconf 86' lang='lat' dir='ltr'><strong>Ar</strong></span> <span class='ocrx_word' id='word_1_165' title='bbox 833 1898 874 1954; x_wconf 89' lang='lat' dir='ltr'><strong>ita</strong></span> <span class='ocrx_word' id='word_1_166' title='bbox 887 1899 911 1956; x_wconf 90' lang='lat' dir='ltr'><strong>si</strong></span> <span class='ocrx_word' id='word_1_167' title='bbox 925 1896 994 1956; x_wconf 81' lang='lat' dir='ltr'><strong>licet</strong></span> <span class='ocrx_word' id='word_1_168' title='bbox 1007 1917 1141 1965; x_wconf 84' lang='lat' dir='ltr'><strong>numeros</strong></span> <span class='ocrx_word' id='word_1_169' title='bbox 1152 1893 1235 1958; x_wconf 82' lang='lat' dir='ltr'><strong>marr-¹</strong></span> 
     </span>
     <span class='ocr_line' id='line_1_20' title="bbox 124 1972 1238 2058; baseline 0.007 -26"><span class='ocrx_word' id='word_1_170' title='bbox 124 1972 168 2036; x_wconf 88' lang='lat' dir='ltr'><strong>ine</strong></span> <span class='ocrx_word' id='word_1_171' title='bbox 179 1981 336 2040; x_wconf 86' lang='lat' dir='ltr'><strong>contrarios</strong></span> <span class='ocrx_word' id='word_1_172' title='bbox 350 1979 517 2058; x_wconf 88' lang='lat' dir='ltr'><strong>permutari,</strong></span> <span class='ocrx_word' id='word_1_173' title='bbox 539 1977 609 2056; x_wconf 90' lang='lat' dir='ltr'><strong>quid</strong></span> <span class='ocrx_word' id='word_1_174' title='bbox 623 1997 742 2056; x_wconf 90' lang='lat' dir='ltr'><strong>usquam</strong></span> <span class='ocrx_word' id='word_1_175' title='bbox 757 1977 786 2035; x_wconf 89' lang='lat' dir='ltr'><strong>in</strong></span> <span class='ocrx_word' id='word_1_176' title='bbox 808 1978 864 2037; x_wconf 86' lang='lat' dir='ltr'><strong>hac</strong></span> <span class='ocrx_word' id='word_1_177' title='bbox 884 1999 915 2038; x_wconf 89' lang='lat' dir='ltr'><strong>re</strong></span> <span class='ocrx_word' id='word_1_178' title='bbox 937 1979 1018 2038; x_wconf 78' lang='lat' dir='ltr'><strong>omdi</strong></span> <span class='ocrx_word' id='word_1_179' title='bbox 1039 1992 1152 2039; x_wconf 89' lang='lat' dir='ltr'><strong>certum</strong></span> <span class='ocrx_word' id='word_1_180' title='bbox 1173 2000 1238 2040; x_wconf 88' lang='lat' dir='ltr'><strong>esse</strong></span> 
     </span>
     <span class='ocr_line' id='line_1_21' title="bbox 114 2058 1237 2140; baseline 0.002 -22"><span class='ocrx_word' id='word_1_181' title='bbox 114 2062 289 2137; x_wconf 74' lang='lat' dir='ltr'><strong>&#39;putabimusi</strong></span> <span class='ocrx_word' id='word_1_182' title='bbox 314 2061 456 2120; x_wconf 89' lang='lat' dir='ltr'><strong>Nimirum</strong></span> <span class='ocrx_word' id='word_1_183' title='bbox 469 2058 579 2138; x_wconf 86' lang='lat' dir='ltr'><strong>duplex</strong></span> <span class='ocrx_word' id='word_1_184' title='bbox 593 2060 623 2116; x_wconf 93' lang='lat' dir='ltr'><strong>iu</strong></span> <span class='ocrx_word' id='word_1_185' title='bbox 644 2077 680 2118; x_wconf 89' lang='lat' dir='ltr'><strong>ea</strong></span> <span class='ocrx_word' id='word_1_186' title='bbox 699 2079 731 2118; x_wconf 93' lang='lat' dir='ltr'><strong>re</strong></span> <span class='ocrx_word' id='word_1_187' title='bbox 752 2078 833 2117; x_wconf 90' lang='lat' dir='ltr'><strong>error</strong></span> <span class='ocrx_word' id='word_1_188' title='bbox 847 2072 901 2130; x_wconf 89' lang='lat' dir='ltr'><strong>est,</strong></span> <span class='ocrx_word' id='word_1_189' title='bbox 923 2079 1009 2132; x_wconf 89' lang='lat' dir='ltr'><strong>unus,</strong></span> <span class='ocrx_word' id='word_1_190' title='bbox 1030 2062 1237 2140; x_wconf 62' lang='lat' dir='ltr'><strong>quod,.grams</strong></span> 
     </span>
     <span class='ocr_line' id='line_1_22' title="bbox 89 2139 1238 2221; baseline 0.002 -23"><span class='ocrx_word' id='word_1_191' title='bbox 89 2171 91 2177; x_wconf 95' lang='lat'><em>·</em></span> <span class='ocrx_word' id='word_1_192' title='bbox 126 2142 278 2202; x_wconf 81' lang='lat' dir='ltr'><strong>maticorum</strong></span> <span class='ocrx_word' id='word_1_193' title='bbox 292 2142 438 2221; x_wconf 83' lang='lat' dir='ltr'><strong>exemplo,</strong></span> <span class='ocrx_word' id='word_1_194' title='bbox 458 2141 549 2201; x_wconf 86' lang='lat' dir='ltr'><strong>solam</strong></span> <span class='ocrx_word' id='word_1_195' title='bbox 563 2158 726 2199; x_wconf 89' lang='lat' dir='ltr'><strong>mensuram</strong></span> <span class='ocrx_word' id='word_1_196' title='bbox 741 2140 972 2213; x_wconf 87' lang='lat' dir='ltr'><strong>considerarunt,</strong></span> <span class='ocrx_word' id='word_1_197' title='bbox 994 2141 1065 2201; x_wconf 91' lang='lat' dir='ltr'><strong>nihil</strong></span> <span class='ocrx_word' id='word_1_198' title='bbox 1079 2139 1238 2221; x_wconf 89' lang='lat' dir='ltr'><strong>respicien-</strong></span> 
     </span>
     <span class='ocr_line' id='line_1_23' title="bbox 125 2221 1238 2301; baseline 0.001 -23"><span class='ocrx_word' id='word_1_199' title='bbox 125 2226 330 2292; x_wconf 77' lang='lat' dir='ltr'><strong>tcsnumerum3</strong></span> <span class='ocrx_word' id='word_1_200' title='bbox 351 2224 434 2295; x_wconf 87' lang='lat' dir='ltr'><strong>alter,</strong></span> <span class='ocrx_word' id='word_1_201' title='bbox 455 2222 534 2301; x_wconf 92' lang='lat' dir='ltr'><strong>quod</strong></span> <span class='ocrx_word' id='word_1_202' title='bbox 548 2222 577 2279; x_wconf 89' lang='lat' dir='ltr'><strong>in</strong></span> <span class='ocrx_word' id='word_1_203' title='bbox 591 2221 663 2280; x_wconf 89' lang='lat' dir='ltr'><strong>locis</strong></span> <span class='ocrx_word' id='word_1_204' title='bbox 676 2224 839 2300; x_wconf 71' lang='lat' dir='ltr'><strong>poetarum,</strong></span> <span class='ocrx_word' id='word_1_205' title='bbox 861 2222 939 2282; x_wconf 87' lang='lat' dir='ltr'><strong>unde</strong></span> <span class='ocrx_word' id='word_1_206' title='bbox 960 2224 1029 2282; x_wconf 89' lang='lat' dir='ltr'><strong>istas</strong></span> <span class='ocrx_word' id='word_1_207' title='bbox 1048 2224 1156 2283; x_wconf 86' lang='lat' dir='ltr'><strong>formas</strong></span> <span class='ocrx_word' id='word_1_208' title='bbox 1177 2224 1238 2283; x_wconf 77' lang='lat' dir='ltr'><strong>col.</strong></span> 
     </span>
     <span class='ocr_line' id='line_1_24' title="bbox 126 2293 1239 2384; baseline 0.004 -24"><span class='ocrx_word' id='word_1_209' title='bbox 126 2293 250 2378; x_wconf 82' lang='lat' dir='ltr'><strong>legerunt,</strong></span> <span class='ocrx_word' id='word_1_210' title='bbox 271 2306 420 2384; x_wconf 88' lang='lat' dir='ltr'><strong>vulgarem</strong></span> <span class='ocrx_word' id='word_1_211' title='bbox 440 2302 502 2363; x_wconf 81' lang='lat' dir='ltr'><strong>fere</strong></span> <span class='ocrx_word' id='word_1_212' title='bbox 526 2303 742 2362; x_wconf 85' lang='lat' dir='ltr'><strong>distinctionem</strong></span> <span class='ocrx_word' id='word_1_213' title='bbox 764 2305 880 2381; x_wconf 87' lang='lat' dir='ltr'><strong>sequuti</strong></span> <span class='ocrx_word' id='word_1_214' title='bbox 900 2314 977 2363; x_wconf 90' lang='lat' dir='ltr'><strong>sunt.</strong></span> <span class='ocrx_word' id='word_1_215' title='bbox 1020 2299 1064 2365; x_wconf 82' lang='lat' dir='ltr'><strong>At</strong></span> <span class='ocrx_word' id='word_1_216' title='bbox 1084 2304 1239 2366; x_wconf 83' lang='lat' dir='ltr'><strong>illudente</strong></span> 
     </span>
     <span class='ocr_line' id='line_1_25' title="bbox 128 2384 1238 2467; baseline 0.004 -25"><span class='ocrx_word' id='word_1_217' title='bbox 128 2387 206 2446; x_wconf 81' lang='lat' dir='ltr'><strong>cunis</strong></span> <span class='ocrx_word' id='word_1_218' title='bbox 216 2387 361 2467; x_wconf 89' lang='lat' dir='ltr'><strong>provideri</strong></span> <span class='ocrx_word' id='word_1_219' title='bbox 375 2387 511 2457; x_wconf 86' lang='lat' dir='ltr'><strong>debebat,</strong></span> <span class='ocrx_word' id='word_1_220' title='bbox 532 2385 629 2458; x_wconf 90' lang='lat' dir='ltr'><strong>istine,</strong></span> <span class='ocrx_word' id='word_1_221' title='bbox 644 2385 693 2463; x_wconf 90' lang='lat' dir='ltr'><strong>qui</strong></span> <span class='ocrx_word' id='word_1_222' title='bbox 708 2385 737 2442; x_wconf 92' lang='lat' dir='ltr'><strong>in</strong></span> <span class='ocrx_word' id='word_1_223' title='bbox 752 2385 902 2444; x_wconf 91' lang='lat' dir='ltr'><strong>codicibus</strong></span> <span class='ocrx_word' id='word_1_224' title='bbox 912 2385 1042 2446; x_wconf 90' lang='lat' dir='ltr'><strong>distincti</strong></span> <span class='ocrx_word' id='word_1_225' title='bbox 1052 2384 1238 2459; x_wconf 81' lang='lat' dir='ltr'><strong>suutrersus,</strong></span> 
     </span>
     <span class='ocr_line' id='line_1_26' title="bbox 128 2466 1239 2548; baseline 0.005 -26"><span class='ocrx_word' id='word_1_226' title='bbox 128 2476 190 2526; x_wconf 82' lang='lat' dir='ltr'><strong>recte</strong></span> <span class='ocrx_word' id='word_1_227' title='bbox 202 2484 238 2528; x_wconf 85' lang='lat' dir='ltr'><strong>ao</strong></span> <span class='ocrx_word' id='word_1_228' title='bbox 253 2469 328 2528; x_wconf 85' lang='lat' dir='ltr'><strong>male</strong></span> <span class='ocrx_word' id='word_1_229' title='bbox 342 2468 471 2528; x_wconf 90' lang='lat' dir='ltr'><strong>distincti</strong></span> <span class='ocrx_word' id='word_1_230' title='bbox 486 2478 596 2527; x_wconf 85' lang='lat' dir='ltr'><strong>essent:</strong></span> <span class='ocrx_word' id='word_1_231' title='bbox 616 2486 689 2546; x_wconf 92' lang='lat' dir='ltr'><strong>quos</strong></span> <span class='ocrx_word' id='word_1_232' title='bbox 703 2466 727 2524; x_wconf 89' lang='lat' dir='ltr'><strong>si</strong></span> <span class='ocrx_word' id='word_1_233' title='bbox 741 2478 818 2544; x_wconf 86' lang='lat' dir='ltr'><strong>saepe</strong></span> <span class='ocrx_word' id='word_1_234' title='bbox 833 2477 883 2525; x_wconf 88' lang='lat' dir='ltr'><strong>aut</strong></span> <span class='ocrx_word' id='word_1_235' title='bbox 896 2467 1073 2546; x_wconf 71' lang='lat' dir='ltr'><strong>plerumque,</strong></span> <span class='ocrx_word' id='word_1_236' title='bbox 1086 2487 1239 2548; x_wconf 86' lang='lat' dir='ltr'><strong>perperam</strong></span> 
     </span>
     <span class='ocr_line' id='line_1_27' title="bbox 128 2544 1240 2629; baseline 0.007 -28"><span class='ocrx_word' id='word_1_237' title='bbox 128 2544 163 2601; x_wconf 85' lang='lat' dir='ltr'><strong>vel</strong></span> <span class='ocrx_word' id='word_1_238' title='bbox 175 2550 206 2608; x_wconf 84' lang='lat' dir='ltr'><strong>ab</strong></span> <span class='ocrx_word' id='word_1_239' title='bbox 220 2549 359 2629; x_wconf 87' lang='lat' dir='ltr'><strong>imperitis</strong></span> <span class='ocrx_word' id='word_1_240' title='bbox 379 2549 585 2628; x_wconf 84' lang='lat' dir='ltr'><strong>grammaticis,</strong></span> <span class='ocrx_word' id='word_1_241' title='bbox 606 2548 653 2606; x_wconf 83' lang='lat' dir='ltr'><strong>vel</strong></span> <span class='ocrx_word' id='word_1_242' title='bbox 669 2550 706 2607; x_wconf 91' lang='lat' dir='ltr'><strong>ab</strong></span> <span class='ocrx_word' id='word_1_243' title='bbox 720 2547 845 2607; x_wconf 86' lang='lat' dir='ltr'><strong>indoctis</strong></span> <span class='ocrx_word' id='word_1_244' title='bbox 858 2548 981 2608; x_wconf 90' lang='lat' dir='ltr'><strong>librariis</strong></span> <span class='ocrx_word' id='word_1_245' title='bbox 994 2548 1156 2629; x_wconf 87' lang='lat' dir='ltr'><strong>descriptos</strong></span> <span class='ocrx_word' id='word_1_246' title='bbox 1175 2568 1240 2609; x_wconf 88' lang='lat' dir='ltr'><strong>esse</strong></span> 
     </span>
     <span class='ocr_line' id='line_1_28' title="bbox 131 2628 1274 2712; baseline 0.007 -29"><span class='ocrx_word' id='word_1_247' title='bbox 131 2639 223 2689; x_wconf 83' lang='lat' dir='ltr'><strong>certum</strong></span> <span class='ocrx_word' id='word_1_248' title='bbox 237 2643 296 2703; x_wconf 82' lang='lat' dir='ltr'><strong>est„</strong></span> <span class='ocrx_word' id='word_1_249' title='bbox 314 2644 446 2711; x_wconf 87' lang='lat' dir='ltr'><strong>apparet,</strong></span> <span class='ocrx_word' id='word_1_250' title='bbox 465 2630 573 2690; x_wconf 85' lang='lat' dir='ltr'><strong>frustra</strong></span> <span class='ocrx_word' id='word_1_251' title='bbox 581 2648 656 2702; x_wconf 89' lang='lat' dir='ltr'><strong>esse,</strong></span> <span class='ocrx_word' id='word_1_252' title='bbox 670 2630 720 2708; x_wconf 88' lang='lat' dir='ltr'><strong>qui</strong></span> <span class='ocrx_word' id='word_1_253' title='bbox 730 2639 791 2688; x_wconf 90' lang='lat' dir='ltr'><strong>tam</strong></span> <span class='ocrx_word' id='word_1_254' title='bbox 801 2628 914 2689; x_wconf 88' lang='lat' dir='ltr'><strong>infirmo</strong></span> <span class='ocrx_word' id='word_1_255' title='bbox 923 2630 1113 2712; x_wconf 87' lang='lat' dir='ltr'><strong>fundamento</strong></span> <span class='ocrx_word' id='word_1_256' title='bbox 1124 2633 1240 2691; x_wconf 85' lang='lat' dir='ltr'><strong>firmum</strong></span> <span class='ocrx_word' id='word_1_257' title='bbox 1264 2640 1274 2665; x_wconf 46' lang='lat' dir='ltr'><strong>l</strong></span> 
     </span>
     <span class='ocr_line' id='line_1_29' title="bbox 89 2707 1331 2793; baseline 0.005 -29"><span class='ocrx_word' id='word_1_258' title='bbox 89 2714 91 2721; x_wconf 90' lang='lat'>&#39;</span> <span class='ocrx_word' id='word_1_259' title='bbox 135 2707 188 2783; x_wconf 87' lang='lat' dir='ltr'><strong>quid</strong></span> <span class='ocrx_word' id='word_1_260' title='bbox 199 2725 396 2793; x_wconf 87' lang='lat' dir='ltr'><strong>superstruere</strong></span> <span class='ocrx_word' id='word_1_261' title='bbox 410 2723 543 2774; x_wconf 89' lang='lat' dir='ltr'><strong>conetur.</strong></span> <span class='ocrx_word' id='word_1_262' title='bbox 996 2788 999 2793; x_wconf 22' lang='grc' dir='ltr'>ι</span> <span class='ocrx_word' id='word_1_263' title='bbox 1032 2760 1034 2765; x_wconf 80' lang='lat'><strong>.</strong></span> <span class='ocrx_word' id='word_1_264' title='bbox 1328 2777 1331 2781; x_wconf 47' lang='grc'><strong>,</strong></span> 
     </span>
     <span class='ocr_line' id='line_1_30' title="bbox 159 2792 1241 2876; baseline 0.007 -28"><span class='ocrx_word' id='word_1_265' title='bbox 159 2795 182 2851; x_wconf 80' lang='lat' dir='ltr'><strong>t.</strong></span> <span class='ocrx_word' id='word_1_266' title='bbox 199 2794 467 2866; x_wconf 67' lang='lat' dir='ltr'><strong>Cemissimum&#39;est</strong></span> <span class='ocrx_word' id='word_1_267' title='bbox 488 2793 616 2872; x_wconf 89' lang='lat' dir='ltr'><strong>optimos</strong></span> <span class='ocrx_word' id='word_1_268' title='bbox 628 2792 658 2851; x_wconf 91' lang='lat' dir='ltr'><strong>in</strong></span> <span class='ocrx_word' id='word_1_269' title='bbox 673 2813 704 2852; x_wconf 88' lang='lat' dir='ltr'><strong>re</strong></span> <span class='ocrx_word' id='word_1_270' title='bbox 724 2795 847 2854; x_wconf 89' lang='lat' dir='ltr'><strong>metrica</strong></span> <span class='ocrx_word' id='word_1_271' title='bbox 866 2793 1019 2875; x_wconf 84' lang='lat' dir='ltr'><strong>magistros</strong></span> <span class='ocrx_word' id='word_1_272' title='bbox 1039 2794 1116 2876; x_wconf 89' lang='lat' dir='ltr'><strong>ipsos</strong></span> <span class='ocrx_word' id='word_1_273' title='bbox 1138 2797 1241 2876; x_wconf 88' lang='lat' dir='ltr'><strong>po&#39;e&#39;tas</strong></span> 
     </span>
     <span class='ocr_line' id='line_1_31' title="bbox 89 2875 1241 2956; baseline 0.01 -32"><span class='ocrx_word' id='word_1_274' title='bbox 89 2942 91 2947; x_wconf 23' lang='grc' dir='ltr'>Ι</span> <span class='ocrx_word' id='word_1_275' title='bbox 133 2883 189 2942; x_wconf 80' lang='lat' dir='ltr'><strong>csse,</strong></span> <span class='ocrx_word' id='word_1_276' title='bbox 207 2877 257 2935; x_wconf 88' lang='lat' dir='ltr'><strong>sed</strong></span> <span class='ocrx_word' id='word_1_277' title='bbox 272 2896 307 2936; x_wconf 85' lang='lat' dir='ltr'><strong>ea</strong></span> <span class='ocrx_word' id='word_1_278' title='bbox 320 2887 433 2935; x_wconf 87' lang='lat' dir='ltr'><strong>tantum</strong></span> <span class='ocrx_word' id='word_1_279' title='bbox 448 2875 625 2947; x_wconf 87' lang='lat' dir='ltr'><strong>conditione,</strong></span> <span class='ocrx_word' id='word_1_280' title='bbox 646 2875 670 2934; x_wconf 91' lang='lat' dir='ltr'><strong>si</strong></span> <span class='ocrx_word' id='word_1_281' title='bbox 685 2875 756 2954; x_wconf 79' lang='lat' dir='ltr'><strong>quis</strong></span> <span class='ocrx_word' id='word_1_282' title='bbox 769 2888 800 2935; x_wconf 92' lang='lat' dir='ltr'><strong>et</strong></span> <span class='ocrx_word' id='word_1_283' title='bbox 819 2878 933 2937; x_wconf 90' lang='lat' dir='ltr'><strong>numeri</strong></span> <span class='ocrx_word' id='word_1_284' title='bbox 957 2877 1154 2956; x_wconf 79' lang='lat' dir='ltr'><strong>cognitionem</strong></span> <span class='ocrx_word' id='word_1_285' title='bbox 1166 2876 1241 2936; x_wconf 85' lang='lat' dir='ltr'><strong>‘ido-</strong></span> 
     </span>
     <span class='ocr_line' id='line_1_32' title="bbox 111 2957 1264 3038; baseline 0.006 -26"><span class='ocrx_word' id='word_1_286' title='bbox 111 2961 207 3028; x_wconf 44' lang='grc' dir='ltr'><strong>Ἥκω,</strong></span> <span class='ocrx_word' id='word_1_287' title='bbox 227 2977 265 3016; x_wconf 82' lang='lat' dir='ltr'><strong>ex</strong></span> <span class='ocrx_word' id='word_1_288' title='bbox 279 2958 342 3036; x_wconf 81' lang='lat' dir='ltr'><strong>ipsa</strong></span> <span class='ocrx_word' id='word_1_289' title='bbox 363 2962 425 3038; x_wconf 86' lang='lat' dir='ltr'><strong>ejus</strong></span> <span class='ocrx_word' id='word_1_290' title='bbox 445 2969 558 3016; x_wconf 84' lang='lat' dir='ltr'><strong>natura·</strong></span> <span class='ocrx_word' id='word_1_291' title='bbox 570 2957 703 3035; x_wconf 86' lang='lat' dir='ltr'><strong>petitam,</strong></span> <span class='ocrx_word' id='word_1_292' title='bbox 725 2968 756 3016; x_wconf 88' lang='lat' dir='ltr'><strong>et</strong></span> <span class='ocrx_word' id='word_1_293' title='bbox 779 2976 896 3017; x_wconf 86' lang='lat' dir='ltr'><strong>sensum</strong></span> <span class='ocrx_word' id='word_1_294' title='bbox 917 2960 1010 3019; x_wconf 88' lang='lat' dir='ltr'><strong>multa</strong></span> <span class='ocrx_word' id='word_1_295' title='bbox 1029 2959 1264 3019; x_wconf 61' lang='lat' dir='ltr'><strong>&#39;exercitatione</strong></span> 
     </span>
     <span class='ocr_line' id='line_1_33' title="bbox 110 3032 1323 3122; baseline 0.005 -30"><span class='ocrx_word' id='word_1_296' title='bbox 110 3032 372 3109; x_wconf 27' lang='lat' dir='ltr'><strong>,subactumadeos</strong></span> <span class='ocrx_word' id='word_1_297' title='bbox 385 3039 495 3099; x_wconf 84' lang='lat' dir='ltr'><strong>afferat.</strong></span> <span class='ocrx_word' id='word_1_298' title='bbox 537 3037 613 3097; x_wconf 88' lang='lat' dir='ltr'><strong>Nam</strong></span> <span class='ocrx_word' id='word_1_299' title='bbox 627 3039 691 3107; x_wconf 89' lang='lat' dir='ltr'><strong>nisi,</strong></span> <span class='ocrx_word' id='word_1_300' title='bbox 706 3036 776 3118; x_wconf 88' lang='lat' dir='ltr'><strong>qnid</strong></span> <span class='ocrx_word' id='word_1_301' title='bbox 789 3040 902 3098; x_wconf 88' lang='lat' dir='ltr'><strong>numeri</strong></span> <span class='ocrx_word' id='word_1_302' title='bbox 918 3045 1058 3122; x_wconf 86' lang='lat' dir='ltr'><strong>cujusquo</strong></span> <span class='ocrx_word' id='word_1_303' title='bbox 1073 3039 1241 3120; x_wconf 86' lang='lat' dir='ltr'><strong>naturaper</strong></span> <span class='ocrx_word' id='word_1_304' title='bbox 1320 3110 1323 3117; x_wconf 54' lang='lat'><strong>.</strong></span> 
     </span>
     <span class='ocr_line' id='line_1_34' title="bbox 134 3114 1241 3202; baseline 0.003 -26"><span class='ocrx_word' id='word_1_305' title='bbox 134 3124 156 3166; x_wconf 71' lang='lat' dir='ltr'><strong>le</strong></span> <span class='ocrx_word' id='word_1_306' title='bbox 167 3114 217 3192; x_wconf 89' lang='lat' dir='ltr'><strong>ipsa</strong></span> <span class='ocrx_word' id='word_1_307' title='bbox 221 3121 323 3198; x_wconf 85' lang='lat' dir='ltr'><strong>jubeat</strong></span> <span class='ocrx_word' id='word_1_308' title='bbox 330 3121 376 3179; x_wconf 86' lang='lat' dir='ltr'><strong>vel</strong></span> <span class='ocrx_word' id='word_1_309' title='bbox 387 3119 546 3199; x_wconf 82' lang='lat' dir='ltr'><strong>permittat,</strong></span> <span class='ocrx_word' id='word_1_310' title='bbox 558 3120 708 3198; x_wconf 89' lang='lat' dir='ltr'><strong>cognitum</strong></span> <span class='ocrx_word' id='word_1_311' title='bbox 723 3120 840 3194; x_wconf 88' lang='lat' dir='ltr'><strong>habeas,</strong></span> <span class='ocrx_word' id='word_1_312' title='bbox 854 3121 926 3179; x_wconf 91' lang='lat' dir='ltr'><strong>nihil</strong></span> <span class='ocrx_word' id='word_1_313' title='bbox 940 3123 1076 3202; x_wconf 87' lang='lat' dir='ltr'><strong>exempla</strong></span> <span class='ocrx_word' id='word_1_314' title='bbox 1088 3125 1241 3202; x_wconf 72' lang='lat' dir='ltr'><strong>politorum</strong></span> 
     </span>
     <span class='ocr_line' id='line_1_35' title="bbox 135 3194 1243 3282; baseline 0.005 -27"><span class='ocrx_word' id='word_1_315' title='bbox 135 3197 282 3274; x_wconf 75' lang='lat' dir='ltr'><strong>proderunt,</strong></span> <span class='ocrx_word' id='word_1_316' title='bbox 304 3202 372 3280; x_wconf 89' lang='lat' dir='ltr'><strong>quia</strong></span> <span class='ocrx_word' id='word_1_317' title='bbox 393 3194 583 3260; x_wconf 85' lang='lat' dir='ltr'><strong>metuendum</strong></span> <span class='ocrx_word' id='word_1_318' title='bbox 605 3204 660 3273; x_wconf 82' lang='lat' dir='ltr'><strong>es&#39;t,</strong></span> <span class='ocrx_word' id='word_1_319' title='bbox 685 3220 722 3259; x_wconf 86' lang='lat' dir='ltr'><strong>ne</strong></span> <span class='ocrx_word' id='word_1_320' title='bbox 747 3203 834 3262; x_wconf 92' lang='lat' dir='ltr'><strong>etiam</strong></span> <span class='ocrx_word' id='word_1_321' title='bbox 855 3199 956 3262; x_wconf 84' lang='lat' dir='ltr'><strong>alienis</strong></span> <span class='ocrx_word' id='word_1_322' title='bbox 970 3223 1023 3281; x_wconf 94' lang='lat' dir='ltr'><strong>pro</strong></span> <span class='ocrx_word' id='word_1_323' title='bbox 1038 3203 1170 3282; x_wconf 89' lang='lat' dir='ltr'><strong>propriis,</strong></span> <span class='ocrx_word' id='word_1_324' title='bbox 1192 3215 1243 3263; x_wconf 89' lang='lat' dir='ltr'><strong>aut</strong></span> 
     </span>
     <span class='ocr_line' id='line_1_36' title="bbox 137 3282 1243 3364; baseline 0.005 -28"><span class='ocrx_word' id='word_1_325' title='bbox 137 3282 254 3358; x_wconf 78' lang='lat' dir='ltr'><strong>conlpris</strong></span> <span class='ocrx_word' id='word_1_326' title='bbox 269 3284 412 3362; x_wconf 75' lang='lat' dir='ltr'><strong>pro&#39;san&#39;is</strong></span> <span class='ocrx_word' id='word_1_327' title='bbox 427 3294 532 3344; x_wconf 72' lang='lat' dir='ltr'><strong>utare:</strong></span> <span class='ocrx_word' id='word_1_328' title='bbox 548 3302 663 3349; x_wconf 90' lang='lat' dir='ltr'><strong>sensum</strong></span> <span class='ocrx_word' id='word_1_329' title='bbox 677 3293 776 3340; x_wconf 86' lang='lat' dir='ltr'><strong>autem</strong></span> <span class='ocrx_word' id='word_1_330' title='bbox 797 3287 821 3341; x_wconf 86' lang='lat' dir='ltr'><strong>si</strong></span> <span class='ocrx_word' id='word_1_331' title='bbox 845 3302 904 3340; x_wconf 90' lang='lat' dir='ltr'><strong>nou</strong></span> <span class='ocrx_word' id='word_1_332' title='bbox 918 3284 1039 3343; x_wconf 61' lang='lat' dir='ltr'><strong>*acueris</strong></span> <span class='ocrx_word' id='word_1_333' title='bbox 1060 3284 1150 3364; x_wconf 87' lang='lat' dir='ltr'><strong>longo</strong></span> <span class='ocrx_word' id='word_1_334' title='bbox 1174 3304 1243 3356; x_wconf 88' lang='lat' dir='ltr'><strong>usu,</strong></span> 
     </span>
     <span class='ocr_line' id='line_1_37' title="bbox 137 3347 1244 3443; baseline 0.014 -36"><span class='ocrx_word' id='word_1_335' title='bbox 137 3347 212 3431; x_wconf 86' lang='lat' dir='ltr'><strong>facile,</strong></span> <span class='ocrx_word' id='word_1_336' title='bbox 229 3363 368 3442; x_wconf 70' lang='lat' dir='ltr'><strong>&#39;quoniam</strong></span> <span class='ocrx_word' id='word_1_337' title='bbox 383 3383 459 3443; x_wconf 84' lang='lat' dir='ltr'><strong>saepe</strong></span> <span class='ocrx_word' id='word_1_338' title='bbox 473 3383 532 3422; x_wconf 91' lang='lat' dir='ltr'><strong>una</strong></span> <span class='ocrx_word' id='word_1_339' title='bbox 544 3365 638 3422; x_wconf 86' lang='lat' dir='ltr'><strong>forma</strong></span> <span class='ocrx_word' id='word_1_340' title='bbox 650 3362 775 3442; x_wconf 90' lang='lat' dir='ltr'><strong>plurium</strong></span> <span class='ocrx_word' id='word_1_341' title='bbox 790 3375 951 3423; x_wconf 91' lang='lat' dir='ltr'><strong>metrorum</strong></span> <span class='ocrx_word' id='word_1_342' title='bbox 966 3367 1127 3425; x_wconf 89' lang='lat' dir='ltr'><strong>communis</strong></span> <span class='ocrx_word' id='word_1_343' title='bbox 1137 3379 1193 3437; x_wconf 89' lang='lat' dir='ltr'><strong>est,</strong></span> <span class='ocrx_word' id='word_1_344' title='bbox 1213 3367 1244 3424; x_wconf 89' lang='lat' dir='ltr'><strong>in</strong></span> 
     </span>
     <span class='ocr_line' id='line_1_38' title="bbox 138 3444 1245 3523; baseline 0.009 -27"><span class='ocrx_word' id='word_1_345' title='bbox 138 3447 239 3520; x_wconf 57' lang='lat' dir='ltr'><strong>tuorem</strong></span> <span class='ocrx_word' id='word_1_346' title='bbox 250 3446 359 3523; x_wconf 87' lang='lat' dir='ltr'><strong>poteris</strong></span> <span class='ocrx_word' id='word_1_347' title='bbox 367 3444 506 3516; x_wconf 90' lang='lat' dir='ltr'><strong>incidere,</strong></span> <span class='ocrx_word' id='word_1_348' title='bbox 528 3445 595 3515; x_wconf 84' lang='lat' dir='ltr'><strong>olio,</strong></span> <span class='ocrx_word' id='word_1_349' title='bbox 612 3463 699 3523; x_wconf 91' lang='lat' dir='ltr'><strong>quam</strong></span> <span class='ocrx_word' id='word_1_350' title='bbox 714 3445 831 3518; x_wconf 86' lang='lat' dir='ltr'><strong>debeas,</strong></span> <span class='ocrx_word' id='word_1_351' title='bbox 852 3458 946 3505; x_wconf 90' lang='lat' dir='ltr'><strong>metro</strong></span> <span class='ocrx_word' id='word_1_352' title='bbox 960 3447 1136 3506; x_wconf 86' lang='lat' dir='ltr'><strong>adhibendo.</strong></span> <span class='ocrx_word' id='word_1_353' title='bbox 1178 3452 1245 3516; x_wconf 84' lang='lat' dir='ltr'><strong>Qua</strong></span> 
     </span>
     <span class='ocr_line' id='line_1_39' title="bbox 138 3525 1244 3608; baseline 0.007 -30"><span class='ocrx_word' id='word_1_354' title='bbox 138 3527 161 3570; x_wconf 73' lang='lat'><strong>¹⁰</strong></span> <span class='ocrx_word' id='word_1_355' title='bbox 171 3537 196 3578; x_wconf 88' lang='lat' dir='ltr'><strong>re</strong></span> <span class='ocrx_word' id='word_1_356' title='bbox 208 3525 359 3604; x_wconf 86' lang='lat' dir='ltr'><strong>diligenter</strong></span> <span class='ocrx_word' id='word_1_357' title='bbox 373 3526 411 3584; x_wconf 86' lang='lat' dir='ltr'><strong>ad</strong></span> <span class='ocrx_word' id='word_1_358' title='bbox 424 3525 495 3584; x_wconf 92' lang='lat' dir='ltr'><strong>illud</strong></span> <span class='ocrx_word' id='word_1_359' title='bbox 514 3525 724 3586; x_wconf 83' lang='lat' dir='ltr'><strong>attendendum</strong></span> <span class='ocrx_word' id='word_1_360' title='bbox 746 3537 800 3600; x_wconf 85' lang='lat' dir='ltr'><strong>est,</strong></span> <span class='ocrx_word' id='word_1_361' title='bbox 822 3527 900 3606; x_wconf 92' lang='lat' dir='ltr'><strong>quod</strong></span> <span class='ocrx_word' id='word_1_362' title='bbox 925 3540 1050 3586; x_wconf 88' lang='lat' dir='ltr'><strong>metrum</strong></span> <span class='ocrx_word' id='word_1_363' title='bbox 1071 3548 1188 3608; x_wconf 92' lang='lat' dir='ltr'><strong>quoque</strong></span> <span class='ocrx_word' id='word_1_364' title='bbox 1214 3530 1244 3586; x_wconf 88' lang='lat' dir='ltr'><strong>in</strong></span> 
     </span>
     <span class='ocr_line' id='line_1_40' title="bbox 141 3603 1243 3688; baseline 0.007 -28"><span class='ocrx_word' id='word_1_365' title='bbox 141 3603 243 3665; x_wconf 77' lang='lat' dir='ltr'><strong>carmine</strong></span> <span class='ocrx_word' id='word_1_366' title='bbox 261 3609 364 3667; x_wconf 90' lang='lat' dir='ltr'><strong>locove</strong></span> <span class='ocrx_word' id='word_1_367' title='bbox 378 3618 482 3684; x_wconf 85' lang='lat' dir='ltr'><strong>regnet</strong></span> <span class='ocrx_word' id='word_1_368' title='bbox 506 3627 541 3667; x_wconf 90' lang='lat' dir='ltr'><strong>ac</strong></span> <span class='ocrx_word' id='word_1_369' title='bbox 557 3607 724 3687; x_wconf 88' lang='lat' dir='ltr'><strong>primarium</strong></span> <span class='ocrx_word' id='word_1_370' title='bbox 738 3607 785 3666; x_wconf 87' lang='lat' dir='ltr'><strong>sit.</strong></span> <span class='ocrx_word' id='word_1_371' title='bbox 828 3608 976 3687; x_wconf 89' lang='lat' dir='ltr'><strong>Nulloque</strong></span> <span class='ocrx_word' id='word_1_372' title='bbox 990 3610 1020 3667; x_wconf 92' lang='lat' dir='ltr'><strong>in</strong></span> <span class='ocrx_word' id='word_1_373' title='bbox 1036 3628 1144 3688; x_wconf 88' lang='lat' dir='ltr'><strong>genere</strong></span> <span class='ocrx_word' id='word_1_374' title='bbox 1158 3611 1243 3670; x_wconf 88' lang='lat' dir='ltr'><strong>metri</strong></span> 
     </span>
     <span class='ocr_line' id='line_1_41' title="bbox 138 3684 1246 3771; baseline 0.006 -28"><span class='ocrx_word' id='word_1_375' title='bbox 138 3684 219 3757; x_wconf 64' lang='lat' dir='ltr'><strong>magis,</strong></span> <span class='ocrx_word' id='word_1_376' title='bbox 230 3707 314 3767; x_wconf 90' lang='lat' dir='ltr'><strong>quam</strong></span> <span class='ocrx_word' id='word_1_377' title='bbox 326 3688 355 3746; x_wconf 92' lang='lat' dir='ltr'><strong>in</strong></span> <span class='ocrx_word' id='word_1_378' title='bbox 364 3690 561 3766; x_wconf 83' lang='lat' dir='ltr'><strong>antispastico,</strong></span> <span class='ocrx_word' id='word_1_379' title='bbox 576 3689 607 3746; x_wconf 90' lang='lat' dir='ltr'><strong>id</strong></span> <span class='ocrx_word' id='word_1_380' title='bbox 620 3688 785 3748; x_wconf 88' lang='lat' dir='ltr'><strong>faciendum</strong></span> <span class='ocrx_word' id='word_1_381' title='bbox 796 3701 850 3761; x_wconf 90' lang='lat' dir='ltr'><strong>est,</strong></span> <span class='ocrx_word' id='word_1_382' title='bbox 865 3700 928 3747; x_wconf 92' lang='lat' dir='ltr'><strong>tum</strong></span> <span class='ocrx_word' id='word_1_383' title='bbox 939 3692 1171 3769; x_wconf 83' lang='lat' dir='ltr'><strong>propterformas</strong></span> <span class='ocrx_word' id='word_1_384' title='bbox 1182 3696 1246 3771; x_wconf 88' lang='lat' dir='ltr'><strong>ejus</strong></span> 
     </span>
     <span class='ocr_line' id='line_1_42' title="bbox 138 3759 1246 3852; baseline 0.021 -43"><span class='ocrx_word' id='word_1_385' title='bbox 138 3759 215 3834; x_wconf 73' lang='lat' dir='ltr'><strong>uultis</strong></span> <span class='ocrx_word' id='word_1_386' title='bbox 238 3770 300 3828; x_wconf 88' lang='lat' dir='ltr'><strong>aliis</strong></span> <span class='ocrx_word' id='word_1_387' title='bbox 319 3771 419 3828; x_wconf 86' lang='lat' dir='ltr'><strong>metris</strong></span> <span class='ocrx_word' id='word_1_388' title='bbox 440 3771 555 3839; x_wconf 88' lang='lat' dir='ltr'><strong>similes,</strong></span> <span class='ocrx_word' id='word_1_389' title='bbox 577 3782 640 3828; x_wconf 92' lang='lat' dir='ltr'><strong>tum</strong></span> <span class='ocrx_word' id='word_1_390' title='bbox 661 3769 729 3848; x_wconf 91' lang='lat' dir='ltr'><strong>quia</strong></span> <span class='ocrx_word' id='word_1_391' title='bbox 753 3771 814 3829; x_wconf 89' lang='lat' dir='ltr'><strong>fere</strong></span> <span class='ocrx_word' id='word_1_392' title='bbox 835 3790 951 3850; x_wconf 90' lang='lat' dir='ltr'><strong>semper</strong></span> <span class='ocrx_word' id='word_1_393' title='bbox 971 3786 1037 3830; x_wconf 90' lang='lat' dir='ltr'><strong>cum</strong></span> <span class='ocrx_word' id='word_1_394' title='bbox 1059 3771 1132 3844; x_wconf 87' lang='lat' dir='ltr'><strong>aliis,</strong></span> <span class='ocrx_word' id='word_1_395' title='bbox 1152 3773 1246 3852; x_wconf 80' lang='lat' dir='ltr'><strong>iisque</strong></span> 
     </span>
     <span class='ocr_line' id='line_1_43' title="bbox 139 3836 1246 3932; baseline 0.008 -29"><span class='ocrx_word' id='word_1_396' title='bbox 139 3836 203 3903; x_wconf 65' lang='lat' dir='ltr'><strong>valde</strong></span> <span class='ocrx_word' id='word_1_397' title='bbox 223 3850 345 3910; x_wconf 81' lang='lat' dir='ltr'><strong>diversis</strong></span> <span class='ocrx_word' id='word_1_398' title='bbox 363 3851 462 3910; x_wconf 86' lang='lat' dir='ltr'><strong>metris</strong></span> <span class='ocrx_word' id='word_1_399' title='bbox 484 3851 684 3911; x_wconf 90' lang='lat' dir='ltr'><strong>consociatum</strong></span> <span class='ocrx_word' id='word_1_400' title='bbox 709 3851 865 3913; x_wconf 90' lang='lat' dir='ltr'><strong>invenitur.</strong></span> <span class='ocrx_word' id='word_1_401' title='bbox 907 3854 975 3912; x_wconf 89' lang='lat' dir='ltr'><strong>Hac</strong></span> <span class='ocrx_word' id='word_1_402' title='bbox 1003 3853 1092 3932; x_wconf 87' lang='lat' dir='ltr'><strong>igitur</strong></span> <span class='ocrx_word' id='word_1_403' title='bbox 1119 3873 1172 3912; x_wconf 90' lang='lat' dir='ltr'><strong>nos</strong></span> <span class='ocrx_word' id='word_1_404' title='bbox 1199 3852 1246 3912; x_wconf 89' lang='lat' dir='ltr'><strong>via</strong></span> 
     </span>
     <span class='ocr_line' id='line_1_44' title="bbox 138 3929 1317 4063; baseline 0.006 -76"><span class='ocrx_word' id='word_1_405' title='bbox 138 3929 285 4063; x_wconf 48' lang='lat' dir='ltr'><strong>ssggpbimur</strong></span> <span class='ocrx_word' id='word_1_406' title='bbox 298 3951 359 3992; x_wconf 90' lang='lat' dir='ltr'><strong>rem</strong></span> <span class='ocrx_word' id='word_1_407' title='bbox 375 3931 580 4005; x_wconf 88' lang='lat' dir='ltr'><strong>difficillimam,</strong></span> <span class='ocrx_word' id='word_1_408' title='bbox 602 3943 742 4013; x_wconf 85' lang='lat' dir='ltr'><strong>quantum</strong></span> <span class='ocrx_word' id='word_1_409' title='bbox 758 3932 876 4013; x_wconf 84' lang='lat' dir='ltr'><strong>quidem</strong></span> <span class='ocrx_word' id='word_1_410' title='bbox 893 3934 1064 4015; x_wconf 86' lang='lat' dir='ltr'><strong>poterimus,</strong></span> <span class='ocrx_word' id='word_1_411' title='bbox 1084 3935 1245 4017; x_wconf 91' lang='lat' dir='ltr'><strong>planiorem</strong></span> <span class='ocrx_word' id='word_1_412' title='bbox 1311 3937 1317 3949; x_wconf 91' lang='lat'><em>&#39;</em></span> 
     </span>
     <span class='ocr_line' id='line_1_45' title="bbox 196 4029 247 4072; baseline 0.078 -4"><span class='ocrx_word' id='word_1_413' title='bbox 196 4029 247 4072; x_wconf 84' lang='lat' dir='ltr'><strong>ere.</strong></span> 
     </span>
     <span class='ocr_line' id='line_1_46' title="bbox 169 4084 1246 4183; baseline 0.006 -31"><span class='ocrx_word' id='word_1_414' title='bbox 169 4086 193 4143; x_wconf 75' lang='lat'><strong>4·</strong></span> <span class='ocrx_word' id='word_1_415' title='bbox 213 4095 396 4174; x_wconf 83' lang='lat' dir='ltr'><strong>Autispastus</strong></span> <span class='ocrx_word' id='word_1_416' title='bbox 409 4116 499 4175; x_wconf 91' lang='lat' dir='ltr'><strong>quum</strong></span> <span class='ocrx_word' id='word_1_417' title='bbox 514 4084 662 4183; x_wconf 35' lang='lat' dir='ltr'><strong>ex&#39;i&#39;ambo</strong></span> <span class='ocrx_word' id='word_1_418' title='bbox 673 4106 705 4155; x_wconf 85' lang='lat' dir='ltr'><strong>et</strong></span> <span class='ocrx_word' id='word_1_419' title='bbox 717 4097 848 4158; x_wconf 82' lang='lat' dir='ltr'><strong>trochaeo</strong></span> <span class='ocrx_word' id='word_1_420' title='bbox 859 4085 1040 4177; x_wconf 80' lang='lat' dir='ltr'><strong>¹compositus</strong></span> <span class='ocrx_word' id='word_1_421' title='bbox 1059 4097 1108 4168; x_wconf 89' lang='lat' dir='ltr'><strong>sit,</strong></span> <span class='ocrx_word' id='word_1_422' title='bbox 1130 4105 1246 4158; x_wconf 83' lang='lat' dir='ltr'><strong>mensu·</strong></span> 
     </span>
     <span class='ocr_line' id='line_1_47' title="bbox 141 4171 1304 4260; baseline 0.003 -27"><span class='ocrx_word' id='word_1_423' title='bbox 141 4171 176 4216; x_wconf 68' lang='lat'><strong>¹²⁸</strong></span> <span class='ocrx_word' id='word_1_424' title='bbox 197 4191 307 4256; x_wconf 88' lang='lat' dir='ltr'><strong>quoque</strong></span> <span class='ocrx_word' id='word_1_425' title='bbox 334 4177 438 4236; x_wconf 89' lang='lat' dir='ltr'><strong>horum</strong></span> <span class='ocrx_word' id='word_1_426' title='bbox 463 4179 574 4258; x_wconf 86' lang='lat' dir='ltr'><strong>pedum</strong></span> <span class='ocrx_word' id='word_1_427' title='bbox 596 4179 717 4256; x_wconf 82' lang='lat' dir='ltr'><strong>recipiat</strong></span> <span class='ocrx_word' id='word_1_428' title='bbox 735 4197 862 4248; x_wconf 27' lang='lat' dir='ltr'><strong>,necesse</strong></span> <span class='ocrx_word' id='word_1_429' title='bbox 886 4192 941 4239; x_wconf 89' lang='lat' dir='ltr'><strong>est.</strong></span> <span class='ocrx_word' id='word_1_430' title='bbox 982 4179 1086 4260; x_wconf 86' lang='lat' dir='ltr'><strong>Itaque</strong></span> <span class='ocrx_word' id='word_1_431' title='bbox 1108 4191 1140 4238; x_wconf 94' lang='lat' dir='ltr'><strong>et</strong></span> <span class='ocrx_word' id='word_1_432' title='bbox 1166 4180 1243 4238; x_wconf 88' lang='lat' dir='ltr'><strong>arsin</strong></span> <span class='ocrx_word' id='word_1_433' title='bbox 1303 4223 1304 4226; x_wconf 16' lang='grc' dir='ltr'>η</span> 
     </span>
     <span class='ocr_line' id='line_1_48' title="bbox 140 4249 1246 4342; baseline 0.005 -26"><span class='ocrx_word' id='word_1_434' title='bbox 140 4249 267 4336; x_wconf 50' lang='lat' dir='ltr'><strong>”Quique</strong></span> <span class='ocrx_word' id='word_1_435' title='bbox 280 4259 352 4318; x_wconf 88' lang='lat' dir='ltr'><strong>solvi</strong></span> <span class='ocrx_word' id='word_1_436' title='bbox 365 4259 484 4336; x_wconf 88' lang='lat' dir='ltr'><strong>patitur,</strong></span> <span class='ocrx_word' id='word_1_437' title='bbox 507 4271 538 4318; x_wconf 85' lang='lat' dir='ltr'><strong>et</strong></span> <span class='ocrx_word' id='word_1_438' title='bbox 552 4259 581 4317; x_wconf 90' lang='lat' dir='ltr'><strong>in</strong></span> <span class='ocrx_word' id='word_1_439' title='bbox 600 4259 733 4318; x_wconf 74' lang='lat' dir='ltr'><strong>anacr&#39;u&#39;si</strong></span> <span class='ocrx_word' id='word_1_440' title='bbox 746 4259 880 4338; x_wconf 87' lang='lat' dir='ltr'><strong>thesiquc</strong></span> <span class='ocrx_word' id='word_1_441' title='bbox 893 4259 1021 4321; x_wconf 86' lang='lat' dir='ltr'><strong>admittit</strong></span> <span class='ocrx_word' id='word_1_442' title='bbox 1035 4261 1175 4342; x_wconf 76' lang='lat' dir='ltr'><strong>syllabam</strong></span> <span class='ocrx_word' id='word_1_443' title='bbox 1195 4277 1246 4321; x_wconf 81' lang='lat' dir='ltr'><strong>an·</strong></span> 
     </span>
     <span class='ocr_line' id='line_1_49' title="bbox 144 4334 1058 4420; baseline 0 -20"><span class='ocrx_word' id='word_1_444' title='bbox 144 4334 246 4412; x_wconf 62' lang='lat' dir='ltr'><strong>clillitus,</strong></span> <span class='ocrx_word' id='word_1_445' title='bbox 266 4351 299 4400; x_wconf 88' lang='lat' dir='ltr'><strong>ut</strong></span> <span class='ocrx_word' id='word_1_446' title='bbox 313 4339 470 4420; x_wconf 88' lang='lat' dir='ltr'><strong>descriptio</strong></span> <span class='ocrx_word' id='word_1_447' title='bbox 484 4342 614 4401; x_wconf 88' lang='lat' dir='ltr'><strong>omnium</strong></span> <span class='ocrx_word' id='word_1_448' title='bbox 627 4360 828 4409; x_wconf 84' lang='lat' dir='ltr'><strong>mensurarum</strong></span> <span class='ocrx_word' id='word_1_449' title='bbox 841 4341 905 4401; x_wconf 83' lang='lat' dir='ltr'><strong>baec</strong></span> <span class='ocrx_word' id='word_1_450' title='bbox 916 4340 964 4416; x_wconf 85' lang='lat' dir='ltr'><strong>sit,</strong></span> <span class='ocrx_word' id='word_1_451' title='bbox 1056 4342 1058 4347; x_wconf 78' lang='grc'>’</span> 
     </span>
    </p>
   </div>
   <div class='ocr_carea' id='block_1_5' title="bbox 0 0 1381 4866">
    <p class='ocr_par' dir='ltr' id='par_1_5' title="bbox 0 0 1381 4866">
     <span class='ocr_line' id='line_1_50' title="bbox 0 0 1381 4866; baseline 0 0"><span class='ocrx_word' id='word_1_452' title='bbox 0 0 1381 4866; x_wconf 95' lang='lat' dir='ltr'><strong> </strong></span> 
     </span>
    </p>
   </div>
  </div>
 </body>
</html>
