2694 4866
184 275 246 335 452
569 278 650 342 tto.
669 280 726 342 111.
746 280 839 348 CAP.
859 286 941 351 XVI.
983 314 988 319 ·

186 440 215 497 vi
235 439 356 520 syllaba3
375 442 400 503 si
424 462 490 503 cum
505 444 738 529 interpunctione
751 453 856 532 aliqua,
877 475 964 535 qnam
977 455 1001 517 si
1014 457 1046 519 in
1059 462 1230 527 mortuusis
1240 482 1289 527 ott·

185 520 266 581 bone
283 522 343 585 liat.
386 525 473 587 Uude
483 546 542 589 non
554 528 729 591 laudaverim
742 532 809 605 boc,
830 536 872 596 11.
889 542 936 610 13,
951 543 1018 605 7.·
1101 598 1106 603 .
1211 592 1214 597 .
1320 558 1323 565 “

256 639 382 708 sparsisse
393 652 524 699 nocturno
536 662 630 702 cruore

290 709 410 781 hospitis.

185 807 317 869 Tertium
338 832 407 904 vero
431 825 462 874 et
485 828 619 896 quartum
640 839 754 880 versum
768 823 806 882 ad
821 824 912 884 Alcaei
926 818 1097 911 exemplum
1110 832 1205 895 nectit
1217 831 1293 895 inter·

185 886 254 949 dum
267 906 441 991 perpetuato
453 916 594 960 numero:
616 900 657 961 ll.
672 905 700 972 3,
716 906 766 965 27.
778 904 835 965 111.
848 909 898 980 29,
919 913 967 969 35.

254 1025 310 1064 sors
321 1010 425 1066 exitura
436 1023 464 1068 et
475 1031 525 1070 nos
535 1015 563 1070 in
572 1026 701 1073 eternum

288 1081 406 1136 exsilium
419 1084 572 1154 impositura
583 1090 691 1158 cymbae.

253 1166 313 1205 curn
322 1169 386 1222 pace
397 1155 542 1215 delabentis
552 1159 692 1213 Etruscum

286 1222 314 1275 in
327 1242 407 1291 mare,
424 1243 495 1280 nuuc
506 1227 606 1298 lapides
619 1232 721 1285 adesos.

181 1325 216 1384 In
227 1337 331 1403 quarto
345 1329 470 1408 denique
483 1332 572 1391 semel
586 1333 807 1412 productionem
821 1333 850 1391 iu
864 1333 920 1393 arsi
932 1334 1058 1411 admisit,
1072 1336 1119 1400 11,
1135 1342 1185 1415 13,
1200 1342 1247 1425 17.

254 1464 324 1501 caeca
335 1446 411 1502 timet
422 1447 528 1503 aliunde
539 1448 602 1503 iata.

181 1548 238 1609 Est
253 1561 349 1608 autem
364 1551 601 1631 praecipuahujus
616 1571 713 1611 versus
725 1522 816 1611 ¹virtus
825 1552 854 1610 in
868 1571 904 1612 eo
917 1552 1020 1630 posita,
1043 1564 1077 1614 ut
1091 1556 1218 1650 pedibus
1228 1556 1289 1617 bene

90 1692 94 1716 ι
180 1630 264 1688 nexis
277 1631 423 1704 decurrat,
437 1651 532 1710 neque
546 1648 597 1690 aut
610 1632 731 1710 singulm
744 1651 830 1696 voces
843 1633 971 1711 singulos
983 1634 1076 1714 pedes
1089 1636 1239 1718 impleant,
1249 1645 1289 1696 tul

180 1711 239 1769 duo
249 1712 447 1791 amphibrachi
457 1716 627 1792 jungantur,
650 1727 682 1772 ut
695 1715 723 1773 si
733 1714 813 1773 hunc
826 1734 950 1787 versum,
1262 1734 1267 1741 ·

251 1848 310 1901 quae
322 1840 393 1885 caret
405 1848 452 1885 ora
464 1848 557 1886 cruore
570 1841 671 1899 nostro,

161 1933 218 1992 ‘ita
231 1933 364 1994 immutes
376 1959 383 1994 ε

247 2070 294 2109 01⁸8
302 2069 391 2107 Carere
403 2068 495 2107 cruore
507 2061 604 2106 nostro·

217 2136 1279 2236 mumfflmmmummmmmmsfflmm

175 2258 270 2319 pauca
283 2248 396 2298 tantum
410 2237 535 2296 breviter
548 2236 698 2315 attingam.
741 2239 808 2297 Non
822 2256 997 2321 magnopere
1010 2237 1159 2299 laudanda
1176 2251 1220 2299 est
1235 2252 1278 2296 vox

175 2320 373 2398 monosyllaba
397 2319 425 2376 in
449 2336 558 2378 caesura
572 2321 711 2397 majorum
725 2337 859 2378 versuum
872 2319 975 2398 posita,
994 2320 1158 2398 praesertim
1170 2319 1195 2381 si
1207 2319 1278 2379 turer·

173 2403 294 2482 punctio
302 2401 453 2480 praecedit,
475 2412 506 2459 ut
515 2399 573 2460 111.
587 2404 637 2471 29,
651 2402 701 2463 27.

245 2538 299 2574 non
312 2529 352 2574 est
364 2536 460 2583 meum,
478 2517 501 2574 si
508 2518 607 2588 mugiat
619 2514 724 2571 Alricia

173 2612 1276 2703 vmmtmmmmmmmammmmmmm

175 2710 270 2790 posita
283 2731 341 2769 vox
355 2707 563 2787 monosyllaba,
587 2715 620 2765 ut
634 2705 674 2763 ll.
692 2708 738 2775 ll,
756 2709 803 2766 13.
899 2743 901 2747 >
983 2766 986 2771 ,
1066 2762 1070 2771 ,
1207 2740 1210 2745 -

242 2848 290 2885 cur
299 2846 353 2883 non
367 2828 415 2880 sub
427 2824 481 2879 alta
493 2823 535 2878 vel
546 2823 653 2894 platano
663 2820 704 2878 vel
716 2794 765 2875 hac

241 2903 306 2973 pinu
315 2902 443 2971 jacentes.

172 3007 242 3068 Alia
253 3001 348 3082 posita
361 3011 406 3058 est
420 2997 448 3054 in
464 2995 613 3055 elisionum
628 2994 834 3055 commoditate
848 3003 879 3052 et
893 2987 1048 3069 elegantia,
1061 3008 1103 3050 ex
1119 3008 1177 3072 quo
1187 3003 1275 3071 genett

50 3112 53 3119 ’
170 3092 217 3149 hae
231 3086 325 3145 minus
338 3098 440 3141 suaves
453 3088 531 3148 sunt,
553 3076 610 3136 ΙΙΙ.
626 3083 654 3148 l,
669 3082 717 3139 31.
732 3080 781 3148 29,
799 3081 847 3137 15.

240 3221 372 3291 culpante,
389 3233 460 3270 nunc
472 3212 600 3268 torrentia
610 3229 695 3282 agros.

240 3309 332 3359 ooenae,
350 3291 407 3346 sine
418 3286 509 3342 aulaeis
521 3294 548 3340 et
560 3294 643 3340 ostro.

169 3414 302 3480 Maxima
325 3429 393 3470 vero
408 3417 448 3468 et
469 3405 499 3465 in
520 3405 576 3463 hac
596 3408 669 3464 etin
684 3401 745 3463 aliis
759 3399 898 3460 similibus
918 3394 1044 3477 strophis
1057 3413 1107 3456 ars
1121 3390 1275 3456 cemiturin

167 3495 304 3559 membris
319 3489 456 3552 orationis
469 3498 537 3566 apte
550 3484 701 3553 variandis.
743 3483 818 3542 Nam
837 3480 893 3541 etsi
906 3478 998 3539 oratio
1013 3488 1046 3537 ut
1058 3476 1215 3556 plurimum
1226 3490 1275 3533 rer·
1292 3536 1297 3543 ,

167 3599 251 3639 suum
265 3574 505 3653 stropharumque
518 3568 623 3627 finibus
646 3564 773 3645 aptanda
792 3574 847 3635 est,
873 3574 980 3632 tamen,
1000 3558 1165 3653 prasertim
1176 3555 1274 3653 ‘ini-tin·

166 3662 249 3738 giore
261 3656 397 3724 carmine,
412 3653 533 3711 molesta
547 3661 591 3709 est
604 3647 693 3705 nimia
705 3644 901 3704 membrorum
915 3653 946 3700 et
958 3639 1148 3719 periodorum
1161 3637 1273 3699 similitu·

167 3742 216 3812 do,
231 3757 365 3818 saepeque
380 3733 466 3803 ctiam
481 3733 509 3789 in
523 3730 616 3790 laudis
624 3739 706 3808 parte
714 3723 934 3797 numerandum,
947 3723 971 3779 si
981 3720 1058 3780 ultra
1067 3718 1272 3815 stropbtslinem

164 3821 355 3902 protendatur
369 3813 470 3876 oratio.
512 3811 645 3871 Sentient
658 3810 725 3881 hoc,
746 3806 797 3886 qui
818 3805 903 3865 Statii
927 3820 1046 3863 carmen
1069 3821 1102 3859 ιιι
1128 3802 1211 3861 Srlvrs
1228 3792 1270 3856 tv.

165 3911 197 3967 6.
222 3918 388 3980 comparare
413 3914 480 3954 cum
502 3912 538 3952 ea
556 3894 701 3962 libertate,
722 3908 780 3968 qua
800 3886 946 3946 Horatius
957 3883 1059 3952 utitur,
1079 3883 1189 3943 volent.
1224 3872 1269 3937 Sed

164 3984 236 4044 licet
250 3982 342 4042 oratio
357 3974 519 4039 continuari
528 3973 603 4033 ultra
616 3973 703 4032 finem
717 3969 842 4048 strophae
856 3968 956 4046 possit,
976 3975 1074 4047 tamen
1084 3972 1269 4053 numerosrinotl

164 4076 248 4127 recte
261 4064 324 4143 quis
337 4070 447 4130 nectat,
468 4067 600 4113 nontam
617 4053 684 4133 quia
696 4051 823 4130 singulas
842 4049 975 4128 strophas
994 4063 1071 4104 novo
1101 4062 1217 4138 numero
1234 4055 1267 4128 ιιι·Ι

164 4145 263 4225 cipere
283 4163 335 4223 pat
349 4153 403 4213 est,
425 4157 509 4219 quarn
526 4133 604 4214 quod
617 4133 763 4193 connexio
776 4131 825 4190 illa
837 4149 890 4209 per
907 4127 1002 4188 thesin
1013 4137 1046 4186 et
1058 4144 1208 4186 anactoria
1220 4121 1267 4179 tim

163 4226 297 4298 deberet,
319 4218 491 4302 quodvalde
505 4215 712 4275 inconcinnum
727 4225 782 4288 est,
803 4223 846 4284 ut,
861 4207 1108 4290 quemadmodum
1118 4218 1185 4268 ante
1196 4206 1266 4267 aaut
1318 4299 1323 4307 ι

163 4309 251 4369 leium
266 4306 417 4386 legebatur
431 4302 472 4363 ΙΙ.
489 4303 535 4368 13,
551 4301 579 4363 7.
