2694 4866
111 302 172 366 222
475 299 556 362 LIB.
576 296 618 360 11.
639 297 734 361 CAP.
753 297 868 362 XXVI.

189 502 208 575 ὃ
221 507 265 582 φὶς
279 503 312 573 ds
327 505 447 588 'Ignium
458 502 578 588 egsyipo
592 505 704 589 tdgvdrru
719 511 767 569 Ζῆ-

193 585 221 655 1’2
236 586 423 670 ἇςἨςαλῖῐος
443 587 616 683 meppiam.

111 724 139 774 v,
154 715 246 777 schol.
260 718 334 776 Ven.
348 727 380 777 et
394 716 580 776 Eustathium
595 737 624 796 p.
638 721 709 788 984,
725 721 755 779 9.
780 715 864 794 cujus
877 713 966 777 verba
979 713 1098 795 repetiit
1111 714 1235 781 Gtt'qur·

111 795 177 856 dius
190 798 228 856 ad
242 798 393 877 Hephaest.
407 819 438 878 p.
451 804 520 867 234,
534 817 594 877 seq.
604 797 657 858 sed
670 798 712 858 ita
724 797 862 858 abhorret
875 797 930 858 ista
943 797 1017 857 ratio
1038 798 1075 858 ab
1085 797 1166 878 eplei
1179 817 1237 859 car·

111 878 197 937 minis
220 880 405 958 simplicitate
429 891 518 960 atque
541 878 697 958 elegantia,
718 890 762 952 ut,
784 879 839 940 etsi
853 878 926 938 illud
945 879 1057 962 arigim
1078 881 1135 946 Zir'
1155 881 1236 941 etiam

113 960 197 1020 Iliad.
210 965 239 1020 9.
254 966 323 1022 906.
337 973 367 1022 et
382 989 410 1021 a.
424 966 493 1024 331.
507 961 662 1032 iuvenitur,
683 973 782 1021 tamen
793 959 879 1020 valde
892 960 1033 1030 dubitem,
1049 978 1087 1020 au
1101 978 1238 1041 gramma·

111 1040 178 1111 ticis
191 1041 288 1122 potius
302 1043 383 1102 elisio
393 1044 458 1116 ism,
472 1060 560 1121 quam
571 1044 704 1102 Homero
714 1043 805 1115 tribui
812 1043 928 1107 debeat.
956 1043 1046 1103 Certe
1058 1041 1239 1117 Emeum,
1273 1100 1276 1113 ,

111 1122 173 1183 sive
185 1143 267 1184 suam
281 1144 417 1203 promens
431 1126 640 1202 conjecturam,
661 1125 721 1184 sive
745 1124 833 1184 alium
857 1135 1008 1203 sequutus,
1032 1123 1124 1185 etiam
1137 1125 1238 1208 00(οη

113 1213 160 1271 Ζῆν
173 1205 235 1264 sinc
249 1206 374 1265 elisione
392 1206 478 1265 scribi
491 1225 576 1285 posse
590 1208 733 1277 observat,
756 1204 999 1285 quemadmodum
1012 1202 1060 1278 ὄλ,
1074 1205 1121 1279 δῦ,
1166 1214 1187 1279 i,
1199 1217 1239 1267 at·

112 1304 171 1364 que
191 1287 248 1346 alia
261 1287 406 1361 dicautur,
420 1307 485 1366 quae
498 1288 624 1348 maxime
648 1288 678 1346 in
693 1289 751 1347 fine
763 1307 866 1348 versus
877 1308 931 1367 pro
945 1288 1128 1366 longioribus
1154 1286 1236 1348 armis

111 1369 183 1446 poni
196 1368 306 1430 solent:
327 1370 364 1429 de
378 1389 437 1447 quo
450 1389 558 1448 genere
582 1369 657 1428 dixit
681 1368 789 1429 Strabo
813 1369 863 1429 lib.
887 1366 976 1430 v111.
996 1389 1026 1448 p.
1041 1373 1115 1431 864.
1132 1369 1233 1453 (560)

112 1447 156 1506 Et
178 1450 243 1508 haec
266 1450 337 1508 mihi
362 1451 479 1529 quidem
503 1451 597 1510 verior
621 1451 766 1511 sententia
788 1450 914 1510 ridetur.
955 1451 1003 1512 Ex
1031 1449 1149 1511 Latiuis
1170 1468 1237 1510 vera

115 1529 264 1607 Virgilius,
288 1533 453 1610 proximum
477 1532 610 1592 Homero
634 1552 666 1592 se
687 1531 750 1592 fore
775 1543 865 1604 ratus,
885 1530 910 1590 si
924 1531 1025 1590 talium
1050 1550 1151 1592 rerum
1173 1530 1239 1591 nihl

114 1611 258 1670 intactum
273 1613 447 1692 reliquisset,
466 1614 496 1672 in
510 1614 580 1674 vitio
594 1615 731 1673 virtutem
745 1613 887 1692 quaesivit,
902 1623 934 1672 ut
948 1613 1060 1693 Georg.
1075 1614 1102 1675 Ι.
1123 1618 1195 1678 295.

183 1755 231 1800 aut
243 1746 327 1803 dulcis
339 1747 419 1802 musti
430 1748 550 1803 Volcano
563 1747 688 1818 decoquit
700 1747 856 1813 humorem,

185 1829 213 1873 et
224 1817 295 1874 foliis
305 1820 404 1875 undam
416 1819 500 1892 tepidi
511 1820 650 1892 despumat
661 1818 748 1873 aheni.

114 1939 191 2000 Vide
206 1941 247 2000 ΙΙ.
261 1946 311 2002 69.
326 1947 393 2003 344.
415 1942 475 2001 111.
496 1947 566 2005 242.
585 1947 656 2004 449.
678 1959 802 2020 quorum
821 1951 936 2020 partem
954 1939 1055 1999 attulit
1075 1938 1239 2000 Macrobius

154 2109 203 2168 27.
224 2103 415 2164 Grammatici
429 2105 534 2165 multas
548 2104 748 2164 distinctiones
762 2103 947 2183 protulerunt
955 2121 1056 2162 versus
1068 2099 1237 2173 hexametri,

112 2205 235 2265 quarum
250 2205 309 2258 eas,
331 2207 396 2266 quae
409 2187 534 2266 pueriles
556 2198 625 2246 sunt
645 2186 695 2245 vel·
706 2185 833 2260 inutiles,
857 2184 1072 2264 pretermittas
1090 2185 1146 2245 sed
1168 2203 1239 2244 com·

111 2278 275 2328 memoratu
286 2269 406 2348 dignum
416 2269 531 2328 ridetur
541 2267 614 2328 illud
626 2287 729 2347 genus,
744 2265 824 2346 quod
836 2268 898 2328 κατ’
913 2269 1020 2328 bis-am
1032 2277 1152 2338 vocant,
1166 2262 1238 2347 quod

112 2349 277 2428 spondeum
290 2350 380 2410 habet
393 2349 508 2410 duobus
521 2349 645 2430 dactylis
658 2348 800 2424 additum,
820 2361 858 2422 ⁷ut
879 2348 964 2413 Iliad.
987 2376 1016 2410 a.
1035 2348 1108 2413 357.
1132 2367 1191 2429 quo
1202 2343 1238 2405 illi
1273 2404 1276 2415 .

111 2431 248 2510 exemplo
263 2432 307 2490 uti
319 2431 424 2504 solent,

119 2574 125 2583 .
194 2544 227 2613 de
248 2548 316 2620 φάτο
330 2546 484 2631 dorganius,
499 2555 544 2609 rod
558 2546 580 2608 δ’
591 2545 664 2620 dabor
677 2545 766 2608 oeo'rrrrr
778 2549 868 2630 μόνης.
1273 2574 1276 2639 p

113 2660 185 2721 Hoc
198 2682 291 2740 genus
305 2683 364 2724 non
377 2672 497 2744 propter
510 2683 624 2724 versum
634 2662 785 2723 heroicum
793 2660 980 2723 memorabile
990 2670 1045 2733 est,
1059 2660 1113 2721 sed
1126 2667 1238 2741 propter
1273 2646 1276 2705 ἶ

111 2763 266 2804 numerum
280 2744 370 2818 illum,
385 2766 471 2825 quem
484 2747 544 2808 κη’
560 2748 668 2808 blanau
681 2745 849 2805 nominant:
863 2744 901 2803 de
915 2763 973 2823 quo
987 2752 1094 2822 praeter
1105 2740 1236 2801 scholias-

112 2832 164 2884 ten
182 2826 398 2906 Hephaestionis
412 2850 441 2906 p.
454 2833 503 2889 91.
523 2831 610 2911 (178.
624 2829 670 2888 ed.
681 2825 792 2908 GaisI.)
809 2837 840 2886 et
850 2823 1036 2885 Eustachium
1050 2844 1081 2903 p.
1090 2826 1181 2888 1899.
1193 2824 1238 2883 60.

112 2906 255 2985 videndus
269 2909 359 2967 s'chol.
376 2909 525 2987 Aristoph.
539 2911 577 2969 ad
591 2910 671 2970 Nub.
684 2915 753 2972 651.
768 2919 799 2968 et
813 2926 878 2986 quae
896 2906 936 2966 ibi
955 2904 1103 2965 adnotavi.
1145 2907 1237 2972 Quam
1274 2980 1276 2985 Ι

112 2996 176 3046 tum
191 2989 288 3060 exiis,
303 3010 368 3067 quae
382 3008 400 3048 a
412 2990 558 3050 veteribus
572 2990 679 3049 tradita
700 3001 777 3058 suut,
804 2988 902 3067 colligi
925 2997 1032 3127 potest,
1053 2986 1116 3046 duo
1131 2981 1236 3045 numeri

112 3067 221 3146 enoplii
237 3070 307 3128 dicti
321 3081 397 3139 sunt,
424 3091 509 3144 unus,
534 3071 583 3150 qui
598 3085 694 3131 estex
709 3072 824 3131 duobus
837 3069 961 3150 dactyis
976 3080 1006 3129 et
1019 3066 1162 3148 spondeo,
1188 3083 1238 3127 nu·

112 3167 235 3219 merum,
255 3150 310 3210 nisi
330 3149 426 3225 fallor,
439 3153 551 3213 habens
565 3153 783 3233 anapaesticum,

192 3283 502 3351 -όυ-υυ..-

113 3418 188 3479 alter
202 3429 302 3497 aperte
316 3419 516 3498 anapaesticus,
531 3418 603 3491 sive,
617 3431 649 3478 ut
664 3416 820 3500 rhythmici
833 3435 902 3478 eum
921 3413 1092 3484 metiuntur,
1108 3433 1149 3474 ex
1161 3429 1241 3494 spou-

113 3501 180 3573 deo,
194 3500 374 3580 pyrrhichio,
396 3501 535 3573 trochaeo,
549 3513 580 3561 et
592 3502 700 3574 iambo,

194 3634 499 3700 .·..’.υυ-υυ...

114 3789 188 3848 quos
202 3780 323 3849 apparet
337 3770 437 3828 ambos
459 3773 594 3848 ἡμιολίους,
619 3767 640 3829 i.
653 3787 679 3829 e.
703 3786 742 3826 ex
757 3762 973 3844 sesquidipodia
996 3778 1070 3821 esse.
1102 3754 1241 3852 Platunde

112 3870 175 3930 rep.
189 3851 245 3910 Ill.
260 3874 289 3932 p.
303 3858 374 3912 400.
388 3851 423 3908 Β.
437 3853 544 3910 ἐνόπλιον
557 3853 670 3925 tireno
683 3858 903 3917 commemorat,
916 3845 954 3904 de
967 3860 1102 3923 quoquae
1110 3838 1243 3900 schahar·

113 3944 158 3992 tes
171 3953 201 4011 p·
219 3939 287 3995 155.
301 3953 340 3994 ex
356 3932 461 3993 Proclo
475 3932 574 4003 refert,
596 3938 608 3992 ὅ
629 3934 738 3999 iria-ara
758 3931 872 3997 edideris
886 3930 949 3988 ἔστιν
963 3927 987 4000 ἔξ
1000 3926 1109 3997 ι’ἆμβον,
1123 3929 1171 3985 ui
1183 3919 1242 3982 daz·

112 4015 202 4093 tribuo,
218 4022 263 4076 aa>
277 4023 319 4084 riis
333 4011 515 4098 wgrapssidos,
535 4013 647 4097 drdgmbe
666 4021 728 4096 argis
749 4014 854 4095 πςιίξικ
874 4009 1018 4082 amaurico
1039 4011 1088 4067 ul
1105 4006 1243 4073 moetos

114 4099 271 4178 ἰξοςμητικὸς
285 4103 317 4164 εἰς
331 4098 451 4175 πόλεμον,
464 4093 568 4153 vitiosa
581 4111 644 4154 esse
657 4105 740 4173 puto,
755 4091 872 4175 quando
885 4101 917 4151 et
937 4088 1066 4148 insolens
1086 4088 1144 4146 ista
1167 4103 1243 4145 com·

51 4216 59 4233 .
115 4176 221 4258 positio
235 4188 298 4246 est,
328 4190 358 4238 et
380 4177 498 4237 minime
522 4194 558 4235 ea
580 4175 608 4233 vi
632 4174 762 4254 praedita,
784 4193 870 4254 quam
891 4173 919 4233 ei
933 4171 1027 4230 inesse
1041 4169 1124 4229 dicit.
1167 4169 1242 4228 Cou-

116 4258 198 4320 venit
216 4256 274 4318 hoc
295 4259 325 4316 in
352 4259 559 4340 anapaestIcum
585 4256 667 4317 illum
694 4258 852 4337 enoplium.
892 4257 992 4320 Quare
1018 4249 1190 4322 videndum,
1209 4265 1245 4305 ue

116 4361 155 4401 ne
169 4339 326 4421 scripserit,
341 4345 352 4400 ὅ
367 4343 475 4409 ἒνᾶτλιος
490 4340 604 4407 eluente
619 4342 680 4400 derra
701 4341 727 4399 da
747 4342 868 4424 rgsygas‘ao
888 4343 934 4397 sai
948 4336 1045 4414 ὶίμβου
1059 4339 1105 4394 arai
1118 4332 1247 4422 durdhqr

117 4431 162 4486 ael
175 4430 218 4492 sis
231 4421 416 4508 παριαμβίδας.
456 4421 528 4486 Hoc
540 4421 618 4483 enirn
638 4420 726 4483 modo
750 4432 781 4483 et
800 4417 1006 4482 mensurabat
1020 4433 1114 4497 genus
1127 4432 1182 4494 par
1194 4420 1247 4473 eut
