2694 4866
388 300 448 361 nn
471 299 654 363 urruns
675 297 857 363 numum.
1165 314 1183 368 n

46 462 175 523 discreta
195 471 328 543 tempora
347 463 534 524 manifestum
553 475 607 536 est,
630 462 685 523 etsi
704 463 767 543 ipsa
786 482 846 522 non
860 462 1009 523 cohaerent
1029 482 1109 524 nexu
1129 467 1181 524 ali·

49 563 108 624 quo
130 543 301 617 efficientiae,
322 556 420 606 tamen
440 547 564 605 formam
582 544 770 625 speciemque
789 545 920 623 proebere
939 545 1025 605 seriei
1045 549 1181 609 mutatio·

47 644 117 685 num
138 645 192 706 per
212 626 395 688 efficientiam
419 627 646 707 producturum
665 626 685 686 i.
705 646 732 687 e.
752 645 873 705 quarum
898 646 1022 706 quaeque
1045 647 1177 689 causmm

50 705 198 769 contiueat
222 708 355 789 proxime
377 707 591 788 subsequentis.
633 708 738 788 Itaque
761 709 812 767 lex
835 709 948 768 numeri
971 710 1116 788 spectabit
1140 714 1178 771 ad

51 806 173 848 sauram
190 809 386 855 asracruuu
402 808 465 850 nnn
481 806 638 851 nauseae
655 806 989 850 nurnmsaunnunnu.

87 870 320 933 Continuitatem
345 872 544 934 nitidissimus
568 871 759 933 cohaerentia,
797 872 898 952 Spatia
915 891 985 932 vero
1004 892 1094 952 quum
1114 874 1178 954 ipsa

50 948 172 1013 interae
193 972 252 1013 non
272 952 450 1028 cohaereant,
470 973 508 1015 eo
527 953 645 1034 quidem
666 953 765 1026 modo,
785 973 845 1033 quo
869 972 948 1013 nunc
970 953 1182 1016 cohaerentiam

52 1031 181 1108 dicimus,
200 1055 298 1116 neque
317 1047 420 1123 partes
435 1036 494 1096 siut
517 1036 724 1114 contiguorum
747 1034 918 1115 spatiorum,
939 1054 999 1094 non
1017 1036 1102 1096 aliter
1126 1057 1176 1097 co·

53 1111 188 1176 harentia
204 1118 284 1177 cerni
303 1118 333 1176 in
351 1118 450 1199 spatiis
463 1117 583 1198 poterit,
603 1136 691 1196 quam
709 1134 745 1177 ea
766 1116 878 1177 ratione
899 1116 1051 1196 descriptis
1064 1120 1176 1198 spatiis,

55 1213 111 1272 que
132 1196 163 1256 in
183 1198 360 1260 cohaerentia
378 1211 423 1261 est
442 1199 568 1281 partium
589 1198 801 1260 cohaerentium
814 1199 899 1258 ratio.
939 1202 1007 1266 Qua
1020 1199 1133 1261 ratione
1151 1203 1175 1260 si

55 1275 195 1360 descripta
214 1292 284 1341 sunt
296 1282 399 1362 spatia,
420 1283 475 1343 etsi
488 1282 551 1361 ipsa
563 1300 616 1362 per
635 1298 667 1340 se
680 1300 741 1340 non
760 1280 919 1352 coherent,
940 1292 1036 1340 tamen
1052 1281 1176 1342 formam

55 1358 231 1442 speciemque
244 1364 429 1437 colraereutioe
442 1363 601 1424 exhibeant
615 1381 735 1423 became
748 1373 803 1424 est.
837 1363 926 1424 Unde
939 1362 989 1422 lex
1000 1365 1177 1442 symmetria

58 1443 191 1520 spectabit
204 1443 242 1504 ad
256 1463 508 1507 coementariam
522 1464 585 1506 run
600 1462 723 1505 srnrrn
739 1462 1065 1505 urrunsaursunsu.

90 1528 138 1587 ll.
158 1525 260 1598 Tertio
275 1526 402 1607 denique
414 1527 463 1588 lex
477 1527 537 1601 illa,
558 1527 638 1607 quod
651 1527 755 1587 attinet
769 1524 809 1586 ad
821 1526 974 1597 rationem,
996 1546 1055 1607 qua
1069 1528 1177 1587 consti·

10 1609 13 1622 '
61 1603 108 1666 tuit
120 1617 209 1689 atque
230 1608 345 1670 ordinat
359 1621 492 1688 tempora
505 1608 550 1668 vel
564 1606 668 1688 spatia,
689 1624 820 1668 muana
837 1607 920 1667 nobis
934 1606 972 1667 sit
985 1627 1107 1668 necesse
1120 1621 1174 1679 est,

61 1703 135 1764 quum
147 1709 166 1749 a
179 1689 270 1770 priori
290 1691 439 1753 delinitam
453 1689 618 1770 philosophi
629 1701 745 1749 vocant.
787 1689 876 1759 Quod
888 1689 913 1749 si
933 1688 986 1748 lero
997 1692 1126 1762 numeri,
1144 1703 1176 1751 ut

10 1759 17 1797 Ε
63 1765 159 1830 dictum
172 1783 228 1844 est,
249 1771 405 1834 efficientia
419 1771 532 1845 nititur,
553 1790 613 1830 non
633 1783 730 1849 potest
748 1790 785 1830 ea
804 1770 862 1830 alio
875 1769 963 1830 modo
985 1772 1104 1850 apriori
1126 1772 1177 1831 de·
1216 1822 1219 1826 .

10 1840 19 1879 ὓ
63 1845 129 1912 finita
140 1872 215 1925 esse,
237 1873 325 1933 quam
343 1874 402 1934 quo
415 1854 509 1915 omnis
522 1853 676 1913 efficientia
693 1872 711 1912 a
724 1851 813 1932 priori
834 1852 954 1912 definita
967 1864 1021 1923 ost,
1044 1853 1063 1914 i.
1077 1873 1104 1915 e.
1124 1874 1178 1933 per

10 1922 21 1961 Ε
65 1931 196 1994 notionem
222 1953 346 1996 murum
375 1953 606 2008 ltFrlcmN'rm,
626 1953 662 1994 ae
688 1933 811 2013 proinde
833 1952 1037 1995 caussarum
1062 1952 1176 1999 arcun

10 2000 22 2044 Β
66 2025 245 2077 srrsoruuu
260 2034 509 2082 mensurans.
549 2015 809 2085 Quamnotionem
835 2016 877 2074 ita
900 2018 1088 2094 conjunctam
1109 2037 1177 2085 cum

10 2087 23 2125 ξ
67 2089 220 2170 efficientiae,
241 2099 361 2158 notione
373 2118 450 2172 esse,
471 2110 504 2158 ut
518 2100 555 2158 ab
570 2117 606 2157 ea
618 2097 720 2156 abesse
733 2108 872 2176 nequeat,
895 2117 986 2176 quum
999 2098 1030 2155 id
1046 2096 1178 2175 pluribus

10 2168 25 2213 Α
67 2176 142 2238 uadis
154 2179 348 2241 demonstrari
361 2180 463 2259 possit,
477 2200 514 2240 eo
528 2180 615 2238 modo
630 2178 827 2250 ostendemus,
847 2179 898 2256 qui
911 2175 1038 2236 maxime
1052 2177 1176 2257 simplex

11 2252 26 2290 ⁰
68 2260 222 2321 amnium
237 2262 337 2357 captui
349 2261 587 2322 accommodatus
599 2258 725 2321 videtur.
766 2259 871 2319 Omnis
891 2255 1015 2318 mutatio
1036 2259 1178 2320 conflictu

68 2340 220 2414 number
233 2342 337 2402 vinum
346 2342 401 2403 arbi
415 2343 622 2423 oppositarum.
652 2340 803 2422 Oppositas
817 2353 917 2400 autem
925 2341 1001 2400 vires
1014 2341 1039 2399 si
1052 2341 1182 2421 aequales

67 2431 127 2496 unt,
144 2423 237 2485 altera
250 2424 371 2485 alteram
387 2426 517 2505 reprimit
531 2436 561 2485 et
575 2422 714 2484 cohdtet:
734 2443 794 2503 quo
807 2422 851 2496 fit,
873 2435 917 2495 ut,
938 2433 1044 2482 neutra
1056 2423 1179 2483 alteram

67 2497 195 2580 lucente,
215 2505 298 2586 quies
311 2505 359 2578 sit,
379 2506 563 2587 mutatioque
582 2526 642 2565 non
655 2505 762 2566 habeat
782 2505 890 2564 locum.
932 2504 1021 2573 Quod
1035 2518 1138 2565 contra
1153 2505 1178 2564 si

67 2574 125 2645 fiunt
136 2586 303 2668 inaequales,
324 2588 445 2649 alteram
463 2589 591 2662 vincere,
611 2587 687 2665 vinci
702 2586 824 2646 alteram
844 2604 965 2646 necesse
979 2599 1044 2648 est:
1064 2607 1104 2646 ex
1119 2607 1178 2666 quo

67 2656 91 2721 lt
100 2668 227 2729 mutatio.
269 2669 399 2731 Tantum
412 2681 511 2731 autem
523 2669 651 2729 vincitur
664 2669 765 2740 altera,
787 2678 897 2748 quanto
911 2667 1004 2728 altera
1016 2672 1108 2747 major
1122 2681 1179 2729 est.

13 2807 19 2818 ,
68 2736 128 2806 Nam
149 2768 205 2811 nec
225 2749 292 2831 plus
315 2763 423 2832 potest,
449 2771 508 2812 nec
530 2752 643 2813 minus:
672 2769 796 2830 quorum
821 2749 963 2810 utrumvis
986 2749 1049 2809 sine
1076 2768 1179 2810 caussa

16 2888 22 2899 ,
65 2818 143 2889 'fieret
182 2831 232 2891 Ex
254 2852 313 2912 quo
340 2832 460 2913 planum
487 2844 542 2907 est,
570 2851 702 2893 carusam
727 2831 922 2912 effectumque
949 2830 1075 2911 oequales
1104 2851 1178 2903 esse,

29 2967 32 2977 .
67 2910 285 2995 mimiumque
300 2933 340 2974 ne
358 2914 482 2995 cogitari
501 2914 620 2994 quidem
637 2933 733 2994 posse.
774 2912 862 2981 Quod
884 2913 909 2972 si
933 2912 1050 2991 quando
1075 2912 1181 2978 effecta

68 2992 157 3053 caussis
174 2994 221 3055 rel
239 2998 352 3075 maj0ra
362 2998 410 3057 vel
429 2996 542 3056 minora
556 2997 704 3070 videntur,
723 3014 816 3055 nemo
830 3014 890 3055 non
903 2994 984 3054 videt
1003 2994 1033 3052 id
1054 3015 1090 3054 eo
1105 2995 1179 3068 fieri,

33 3126 35 3136 ,
67 3073 129 3145 qlod
140 3076 228 3136 modo
246 3076 360 3140 diversa
372 3097 470 3139 rerum
483 3097 593 3158 genera
602 3082 712 3159 justam
732 3077 983 3155 comparationem
995 3095 1053 3135 non
1074 3076 1179 3137 admit-

67 3154 125 3225 tunt,
146 3156 235 3218 modo
248 3158 294 3220 rel
308 3152 491 3222 incrementa
502 3160 618 3232 virium,
640 3160 745 3239 quibus
759 3158 830 3237 quid
844 3157 981 3218 effectum
995 3169 1050 3232 est,
1065 3157 1110 3217 vel
1125 3159 1178 3217 im-

65 3232 214 3304 nimenta
226 3259 280 3300 nos
293 3242 395 3302 latent.
430 3242 518 3304 Unde
531 3241 648 3301 miratio
660 3240 859 3319 consequitur,
869 3239 951 3300 testis
966 3250 998 3298 ut
1008 3239 1181 3318 ignorantiae

10 3317 21 3374 i
65 3324 163 3391 autre,
177 3322 220 3382 ita
232 3322 320 3384 etiam
335 3324 526 3397 necessitatis,
548 3342 606 3402 qua
619 3321 724 3383 effecta
738 3319 911 3400 requirimus
925 3321 1033 3380 caussis
1047 3321 1180 3401 aequalia.

66 3389 230 3463 Confirmant
249 3402 309 3464 hoc
325 3424 368 3465 eae
388 3425 445 3476 res,
465 3406 496 3463 in
516 3406 622 3485 quibus
639 3403 785 3499 simplices
806 3403 951 3482 uniusque
972 3405 1087 3480 generis
1104 3404 1178 3462 vires

29 3534 32 3544 ,
64 3481 267 3544 umidemndae
281 3486 412 3560 veniunt,
432 3498 467 3546 ut
480 3486 509 3546 in
523 3486 719 3566 ponderandis
739 3485 927 3544 movendisve
941 3484 1127 3563 corporibus:
1147 3482 1178 3542 in
1233 3492 1241 3499 '

10 3586 15 3596 ³
63 3571 108 3634 lto
127 3584 236 3643 genere
254 3567 391 3646 quonlam
412 3580 514 3648 aperta
533 3580 602 3628 sunt
622 3567 721 3627 omnia
737 3566 843 3625 virium
863 3577 1021 3634 momenta,
1042 3563 1104 3623 fieri
1119 3583 1178 3623 non

61 3650 153 3729 pumat,
173 3657 208 3707 ut
220 3646 302 3708 fallat
316 3649 371 3708 ista
381 3649 554 3730 equalitatis
567 3649 617 3709 lex
631 3660 662 3709 et
673 3648 840 3708 necessitas.
881 3646 918 3704 Id
931 3647 1042 3705 veroin
1056 3664 1179 3705 numero

25 3774 27 3783 .
60 3726 93 3780 Μ
109 3744 173 3788 esse
195 3738 281 3789 tanto
299 3731 391 3810 magis
410 3732 607 3791 necessarium
631 3741 686 3803 est,
708 3728 787 3808 quod
808 3728 857 3787 ille
879 3726 949 3786 nil-iil
969 3726 1023 3785 nisi
1046 3725 1178 3801 universe

58 3806 180 3889 veriam
197 3809 321 3871 exhibet
347 3810 519 3886 efficientiae,
544 3830 668 3891 eamque
696 3829 755 3869 uno
782 3809 812 3867 in
839 3829 959 3888 genere,
988 3809 1178 3886 temporibus,

56 3898 222 3967 &xpressam
264 3893 369 3972 ltaque
386 3893 451 3954 hoec
464 3906 598 3975 tempora
617 3912 708 3973 quum
726 3910 893 3952 caussarum
914 3904 1001 3968 atque
1022 3889 1180 3950 effectuum

55 3962 204 4049 imaginem
223 3972 334 4034 referre
354 3974 490 4047 debeant,
511 3995 572 4036 non
587 3985 710 4055 possunt
730 3974 797 4047 alia,
818 3993 907 4052 quam
927 3970 1100 4050 aequalitatis
1113 3972 1181 4050 lege

53 4045 244 4115 determinari.
272 4057 321 4116 Ex
335 4076 395 4136 quo
409 4058 607 4138 consequitur,
622 4056 718 4136 legem
736 4054 860 4127 numeri,
875 4065 1019 4134 quatenus
1032 4074 1068 4113 ea
1081 4055 1183 4114 innata

51 4131 130 4193 nobis
149 4146 206 4209 est,
225 4137 334 4197 versari
354 4137 384 4195 in
406 4156 621 4200 ernrcrrrrrrn
637 4156 699 4199 ena
720 4155 905 4198 scurronum
927 4152 1180 4199 mansurarum

49 4228 356 4280 annueramus.

10 4316 12 4321 ·
85 4295 204 4357 Eodem
217 4300 307 4360 modo
320 4302 497 4382 symmetriae
510 4302 561 4362 lex
574 4301 609 4375 si,
624 4301 668 4362 uti
681 4301 793 4362 dictum
809 4310 863 4374 est,
878 4298 1056 4361 cohaerentia
1069 4299 1181 4369 nititur,

45 4378 241 4461 spriorinou
255 4393 354 4463 potest
368 4382 452 4445 aliter
466 4384 588 4446 definita
601 4403 676 4458 esse,
697 4401 784 4464 quam
799 4401 853 4462 per
866 4400 930 4442 eam
945 4380 1106 4455 notionem,
1126 4397 1185 4460 quu
