2694 4866
365 272 424 335 DE
445 272 654 336 VERSIBUS
675 271 960 334 DOCHMIACIS.
1163 282 1221 341 1⁵9

95 443 210 515 veniam
225 441 442 504 concedendam
457 463 521 503 esse
534 443 651 523 utrique
672 461 771 502 earnm
785 441 970 522 syllabarum,
990 440 1022 500 in
1035 460 1107 522 quas
1120 442 1222 506 ultima
1271 484 1275 495 .

95 521 225 586 dochmii
246 526 316 585 arsis
330 526 477 586 interdum
496 525 634 586 solvitur:
655 543 708 605 par
721 524 798 585 enim
818 524 904 605 hujus
927 534 959 584 et
971 524 1072 602 primm
1091 527 1220 587 conditio

95 619 152 668 eat.
193 608 338 686 Exempla
357 618 454 667 tamen
468 627 528 666 non
548 607 644 667 habeo
656 606 695 666 ed
708 625 840 675 manum:
860 624 917 666 nec
929 605 1043 678 mmm,
1063 627 1153 687 quum
1167 608 1224 668 ista

92 689 203 749 solutio
217 689 309 757 multo
323 689 360 748 sit
374 689 475 749 rarior.
516 689 576 749 Sed
589 689 612 748 si
627 689 789 770 experiare,
809 688 916 748 senties
929 687 1000 747 nibil
1015 684 1178 751 offensionis
1191 690 1222 749 in

93 769 179 830 hiatu
192 789 270 839 esse;
291 770 418 850 exempli
431 789 546 831 mussa:

175 887 245 964 piros
258 886 324 970 peip,
336 887 404 964 μοήι
417 884 451 947 ’t's'
467 888 507 964 ipl
521 885 676 960 φυλᾶσππ.

174 969 244 1045 first
257 966 279 1029 δ’
293 969 354 1042 ἔστί,
367 969 435 1047 μοἸοι
449 970 509 1047 ipsein
522 967 630 1033 idalium
690 988 701 1011 ’·

91 1084 122 1141 Α
135 1081 236 1141 media
248 1101 318 1142 vero
331 1083 387 1142 arsi
411 1092 492 1142 recte
506 1082 624 1143 excludi
647 1082 759 1143 hiatum
773 1101 791 1142 a
805 1080 936 1142 Seldlero
956 1080 1100 1142 existimo.
1141 1083 1218 1145 Nam
1238 1118 1245 1129 .

89 1173 123 1223 et
135 1163 242 1223 fortior
256 1163 305 1222 ills
317 1164 435 1243 reliquis
447 1164 559 1224 duabus
574 1176 628 1239 est,
642 1165 793 1245 magisque
806 1163 975 1236 exauditur,
988 1176 1019 1224 et
1030 1164 1136 1237 soluta,
1150 1166 1219 1245 quia

89 1263 154 1304 non
167 1244 300 1305 ordinem
314 1245 494 1325 trisyllabum
508 1247 589 1320 facit,
603 1247 712 1307 nullam
725 1248 814 1313 habet
828 1265 895 1309 cum
905 1245 1053 1307 tribracho
1066 1245 1219 1326 dactylove

89 1325 320 1467 {militudinem
362 1329 461 1394 Quare
484 1347 544 1387 non
566 1339 611 1388 est
633 1316 932 1402 venumdatum
954 1327 1101 1387 veteribus
1120 1348 1219 1389 versus

121 1420 187 1468 ctos
201 1427 276 1480 esse,

174 1526 256 1596 clam
268 1525 336 1602 μένοι
350 1527 419 1603 ipsis,
435 1524 534 1595 βίβαιοι
546 1523 582 1586 ’ἔτ’
595 1526 657 1604 ipsu'.

90 1639 242 1699 Caeterum
257 1642 387 1700 eamdem
408 1643 494 1722 plane
507 1643 640 1703 hiatuum
659 1644 802 1704 rationem
815 1663 879 1704 esse
898 1643 929 1703 in
941 1643 1133 1704 solutionibus
1147 1644 1217 1705 iam·

90 1718 151 1778 bici
175 1721 337 1781 ischiorrho
360 1723 397 1783 ‘ci
411 1737 639 1785 consentaneum
660 1738 715 1798 est,
735 1727 908 1805 firmantque
929 1726 1073 1804 exempla,
1088 1738 1121 1785 ut
1141 1727 1219 1806 apud

94 1801 275 1883 Sophoclem
289 1803 319 1861 in
362 1802 497 1865 rochiniis
510 1827 539 1868 v.
553 1812 622 1869 848.
636 1827 660 1870 a
673 1812 744 1872 856.

173 1917 255 1988 ἦπου
268 1924 329 1980 tasi
344 1922 425 1995 nisu,

169 1997 188 2070 ἦ
200 2028 250 2061 που
264 1999 350 2062 sitris
364 2004 478 2106 xaupae's.

172 2081 244 2144 οὕτω
258 2082 412 2157 alpinam
434 2096 473 2144 H·

172 2164 280 2244 ςακλέαι.

129 2279 181 2336 10.
203 2277 264 2336 Sed
277 2279 441 2339 docendum
463 2283 524 2359 jam
538 2290 583 2339 est
597 2280 635 2339 de
655 2277 827 2357 quibusdam
847 2277 947 2338 formis
966 2275 1214 2351 dochmiacornm,

89 2374 156 2436 quse
169 2361 345 2418 acommuni
358 2362 451 2420 forma
464 2362 584 2421 diversae
597 2371 675 2421 sunt.
717 2360 830 2418 Harum
844 2359 936 2438 prima
947 2371 1001 2433 est,
1015 2379 1080 2438 quae
1094 2359 1123 2419 in
1137 2360 1216 2437 prin·
1275 2416 1279 2423 .

89 2439 169 2518 m'pio
181 2442 334 2501 anacrnsin
357 2442 527 2522 disyllabum
548 2442 646 2503 habet.
687 2441 725 2500 Ei
745 2461 834 2520 quum
848 2441 879 2499 in
900 2441 1080 2518 antistropha
1100 2460 1216 2520 quoque

89 2516 232 2599 disyllaba
245 2524 392 2583 anacrusis
407 2523 592 2604 respondeat,
609 2527 678 2601 jure
689 2522 822 2582 videmur
835 2521 983 2601 colligere,
998 2523 1142 2582 diversum
1156 2523 1213 2582 hoc

90 2616 185 2677 genus
208 2621 227 2660 a
249 2603 407 2663 communi
420 2624 492 2666 esse.
544 2605 698 2684 Exempla,
723 2605 827 2682 quibus
848 2605 912 2682 quis
934 2603 1035 2663 induci
1059 2607 1160 2682 possit,
1181 2615 1216 2663 ut

90 2680 261 2762 disyllabum
281 2687 433 2745 anacrusin
455 2686 662 2765 monosyllabae
676 2686 851 2763 respondere
872 2705 956 2764 posse
969 2698 1064 2763 putet,
1079 2685 1125 2744 vel
1149 2705 1214 2744 cor·

90 2774 178 2843 rupta
190 2784 264 2837 esse,
278 2767 324 2826 vel
338 2768 483 2846 synizesin
503 2768 657 2827 admittere
674 2767 819 2831 Seidlerus
840 2767 951 2827 monuit
967 2788 995 2845 p.
1013 2772 1079 2827 105.
1092 2786 1152 2845 seq.
1167 2767 1216 2825 cui
1255 2808 1259 2817 -

92 2840 128 2903 de
142 2863 177 2904 re
190 2846 253 2926 ipsa
265 2849 414 2919 assentior,
430 2848 484 2909 etsi
504 2850 542 2908 de
556 2848 679 2918 medela,
702 2867 788 2927 quam
805 2848 877 2908 locis
898 2847 1069 2927 quibusdam
1083 2848 1213 2920 adhibet,

90 2926 255 3069 ssfflssfimim
279 2931 429 2992 accedere.
470 2930 548 2990 Illud
568 2943 667 2990 tamen
687 2950 747 2989 non
766 2929 881 2990 videtur
902 2929 1033 3003 dubium,
1048 2931 1078 2989 in
1092 2931 1216 2990 Bacchis

166 3096 282 3205 sepi-soi,
296 3125 405 3205 Βάκχι’,
420 3125 506 3210 igytur,
520 3129 617 3211 ματςὸς
627 3153 654 3189 st
668 3131 728 3200 rsit,

90 3236 233 3315 tynizesin
246 3239 407 3300 faciendam
422 3262 495 3304 esse.
537 3243 713 3322 Exemplum
735 3243 882 3322 disyllaba
896 3260 1081 3313 anacruseos,
1094 3261 1214 3320 respon-

91 3314 261 3392 urcissini,
276 3323 374 3382 attulit
397 3323 544 3385 Seidlerus
557 3345 595 3384 ex
611 3325 681 3385 OEd.
697 3326 761 3385 Col.
778 3329 845 3384 118.
863 3328 931 3386 150.

166 3435 204 3500 uls
219 3434 263 3515 ὅς’
275 3433 303 3503 ἦν
311 3467 320 3505 3
343 3445 392 3498 τοῦ
406 3438 479 3509 suist,-

166 3519 255 3575 &aab
268 3519 397 3594 ὀμμάτων.

89 3620 179 3691 Haud
200 3630 325 3689 multum
350 3643 446 3692 antem
460 3634 517 3694 hac
540 3635 634 3695 forma
647 3655 714 3695 usos
733 3638 836 3713 po'e‘tas
857 3655 919 3695 esse
943 3634 1080 3694 invenias.
1121 3631 1213 3697 Aliud

89 3710 254 3788 uemplum
276 3723 319 3771 est
333 3712 363 3770 in
384 3714 485 3794 Eurip.
507 3710 616 3776 Bac'ch.
637 3722 706 3779 999.
728 3717 780 3776 sed
800 3717 964 3796 strophicus
986 3725 1137 3794 corruptus
1158 3712 1215 3773 eit.

89 3780 209 3851 lnlocis
222 3812 282 3852 non
305 3794 520 3874 antistrophicis
534 3796 618 3878 plura
640 3799 761 3858 forsitan
775 3799 911 3878 exempla
934 3797 1123 3878 reperientur.
1166 3795 1211 3854 Ita

89 3868 245 3953 AEscbylus
259 3874 290 3932 in
303 3875 403 3955 Suppl.
419 3883 488 3942 847.

162 3992 315 4069 πολυαίμων
329 3993 408 4066 pistor
422 4001 544 4056 &mosei
558 3998 659 4080 κμτᾶς.

89 4099 127 4168 Eo
141 4105 249 4166 referri
261 4108 370 4186 poterit
384 4129 483 4171 versus
498 4111 645 4192 Euripidis
660 4114 688 4172 in
705 4112 798 4173 Herc.
811 4112 867 4171 fur.
883 4113 951 4171 878.

162 4230 309 4296 ὶποβιλιῒς
324 4231 388 4294 ibris
400 4232 527 4306 μανίαισιν
542 4231 645 4296 Λύσεις

162 4306 308 4389 χοςίυθίντ’
320 4308 446 4381 arsiam,
