2694 4866
268 300 349 383 ura.
363 301 421 364 m.
434 294 597 363 caera.
623 292 684 357 aa
699 294 841 361 vassu
854 296 1086 362 seruante.
1177 303 1239 362 aas

564 549 679 630 CAP.
706 548 778 627 IX.

463 765 515 816 DE
538 763 659 816 VERSU
687 761 888 815 aaronem.

146 939 177 993 lt
192 933 358 993 Vaasraos
371 927 545 1009 asynartetia
557 928 680 991 sommae
693 926 928 987 adnumerandus
940 937 985 988 eat
998 926 1031 996 ia,
1044 943 1131 1006 quem
1140 926 1241 986 Latini

95 1013 276 1079 Saturnium
291 1021 448 1080 vocarunt;
468 1011 507 1070 de
520 1030 579 1090 quo
589 1029 698 1089 genere
707 1008 794 1070 metri
804 1009 896 1087 magia
904 1021 1025 1089 propter
1038 1008 1241 1068 celebritatem

93 1100 180 1178 ejus,
198 1113 284 1173 quam
298 1093 378 1172 quod
391 1091 500 1172 aliquid
514 1091 690 1151 difficultatis
704 1090 864 1162 contineat,
889 1091 1055 1151 accuratius
1077 1090 1238 1178 explicabi.

93 1196 182 1241 mus.
225 1175 378 1254 Originem
391 1173 470 1233 haud
484 1172 572 1233 dubie
586 1174 671 1232 duxit
684 1174 721 1231 ab
737 1171 879 1242 Etruscis,
901 1172 1038 1251 aquibus
1051 1171 1161 1253 priscos
1177 1172 1238 1230 Ra.

93 1277 220 1328 manos,
234 1256 376 1337 quidquid
390 1256 496 1314 artium
511 1255 698 1334 cultioriaque
719 1252 879 1332 disciplinae
892 1253 1069 1326 habuerunt,
1089 1253 1239 1333 accepisse

95 1350 233 1401 constat.
273 1339 378 1416 Itaque
392 1349 423 1396 et
436 1349 515 1406 ante,
529 1356 617 1419 quarn
632 1335 731 1396 Graeci
743 1335 840 1394 fontes
864 1335 958 1414 aperti
980 1347 1060 1407 sunt,
1083 1345 1165 1394 rates
1180 1335 1240 1394 Ro·

96 1439 262 1482 manorum
275 1419 331 1478 isto
346 1437 453 1496 genere
468 1419 551 1477 metri
563 1419 717 1488 canebant,
732 1427 772 1487 et,
788 1416 913 1496 cognitis
923 1420 984 1495 jam
999 1417 1112 1476 Graccis
1123 1414 1241 1487 litteris,

96 1501 287 1582 aliquamdiu
315 1499 411 1559 adhuc
434 1510 518 1559 vetus
539 1498 722 1559 consuetudo
746 1499 851 1572 tenuit,
873 1497 969 1558 donec
992 1497 1105 1560 Ennius
1124 1515 1240 1559 versum

94 1584 259 1645 heroicum
279 1582 409 1642 inferret.
454 1579 539 1641 Unde
553 1582 595 1640 sic
609 1581 658 1641 ille
672 1579 798 1641 cecinit:

388 1697 518 1770 scripsere
529 1699 575 1752 alii
585 1715 641 1753 rem

176 1769 307 1836 versibus,
319 1788 386 1841 quos
397 1770 461 1825 olim
479 1769 562 1824 Fauni
574 1780 701 1840 vatesque
713 1769 853 1831 canebant,

176 1859 259 1915 quom
272 1859 358 1913 neque
371 1842 507 1896 Musarum
520 1839 645 1912 scopulos
657 1838 794 1912 quisquam
806 1847 952 1910 superarat,

175 1931 229 1968 nec
241 1913 306 1967 dicti
318 1913 453 1967 studiosus
465 1923 538 1968 erat:

177 2001 231 2039 nos
243 1985 300 2038 ausi
312 2000 437 2039 reserare.

98 2085 253 2150 Horatius
266 2097 365 2147 autem
379 2086 472 2179 Epist.
487 2085 529 2147 Il.
546 2091 574 2160 1,
590 2091 659 2150 156.

177 2203 287 2261 Graecia
297 2213 375 2276 capta
385 2203 469 2260 ferum
481 2204 608 2260 victorem
627 2203 706 2276 cepit,
718 2203 820 2261 startia

178 2275 272 2330 intulit
283 2275 378 2346 agresti
389 2276 477 2331 Latio.
495 2276 533 2331 sic
544 2276 666 2330 horridus
677 2275 724 2330 ille

179 2347 292 2402 deduxit
304 2364 429 2402 numerus
441 2347 590 2412 Saturnius,
601 2356 628 2401 et
639 2365 718 2418 grave
729 2347 801 2402 virus

177 2417 318 2472 munditiae
330 2417 467 2490 pepulere:
488 2417 576 2473 sedin
588 2417 696 2489 longum
705 2428 795 2473 tamen
806 2434 893 2475 savum

178 2500 345 2557 manserunt,
355 2489 489 2561 hodieque
500 2499 609 2544 manent
622 2490 734 2560 vestigia
744 2489 821 2545 ruris.

144 2595 179 2652 2.
203 2592 335 2651 Metram
358 2592 430 2651 illud
445 2612 534 2672 quum
559 2593 628 2653 satis
641 2593 715 2655 rude
728 2595 766 2654 ab
779 2593 907 2674 antiquis
919 2590 1033 2654 vatibus
1047 2604 1078 2653 et
1091 2591 1187 2672 po‘e'tis
1199 2593 1245 2650 fu·

98 2690 174 2735 aum
197 2684 285 2747 esset,
307 2693 367 2732 non
388 2686 432 2734 est
452 2674 568 2746 mirum,
592 2672 807 2754 grammaticos,
827 2674 971 2754 prosodiae
990 2675 1097 2734 veteris
1120 2693 1180 2734 non
1200 2691 1246 2732 aa·

103 2755 145 2817 tit
173 2753 295 2834 peritos,
328 2754 401 2814 falsa
427 2755 568 2815 nonnulla
600 2756 631 2814 in
658 2755 786 2816 medium
813 2756 954 2817 attulisse.
1002 2755 1055 2814 'Ea
1081 2767 1184 2816 notare
1215 2764 1248 2813 et
1305 2775 1308 2783 ¹

101 2836 258 2916 corrigere
293 2836 419 2896 debebat
447 2838 491 2920 lo,
526 2837 638 2900 Frider.
673 2837 828 2910 Christius,
862 2838 997 2918 po'e‘tices
1030 2836 1188 2916 quomdam
1215 2834 1247 2892 in

102 2917 276 2978 Academia
308 2929 409 2977 nostra
441 2918 598 2998 professor,
632 2921 682 3000 qui
717 2937 752 2997 a,
778 2937 975 2983 crerocoarv.
1011 2918 1245 2978 dissertationem

99 2998 213 3068 edidit,
229 2999 398 3079 inscriptam
412 2999 470 3059 hoc
484 3000 581 3075 titulo,
602 3009 623 3040 “
636 3001 773 3061 Saturnia
786 3003 924 3074 carmina,
938 3012 1075 3073 metrum,
1099 3000 1182 3080 pedis
1195 3017 1247 3077 ge·

99 3090 127 3122 ‘⁶
140 3081 235 3152 nus,”
257 3099 343 3160 quam
357 3082 420 3161 ipso
434 3080 557 3162 praeside
580 3081 711 3143 defendit
736 3082 871 3162 Theopb.
891 3082 972 3143 Guil.
997 3082 1145 3141 lrmiscus.
1174 3081 1249 3145 ‘Sed

95 3160 258 3240 congessit
271 3162 321 3222 ille
344 3162 445 3242 magis,
466 3183 533 3242 quae
546 3181 564 3222 a
577 3163 774 3241 grammaticis
800 3164 881 3225 dicta
894 3163 1022 3236 videbat,
1037 3182 1124 3242 quam
1138 3172 1171 3222 ut
1185 3162 1248 3241 ipse

98 3241 271 3325 quidquam
285 3244 359 3303 lucia
372 3245 519 3314 attulerit;
538 3246 608 3324 quin
622 3245 789 3305 obscurarit
802 3245 900 3324 potius
916 3263 1032 3304 omnem
1046 3263 1119 3303 rem.

148 3330 181 3388 3.
202 3324 363 3386 Diomedes
385 3346 416 3407 p.
440 3332 511 3391 512.
534 3325 577 3385 ita
599 3327 719 3387 scribit:
752 3325 958 3386 “Saturnium
981 3327 1012 3383 in
1035 3324 1177 3385 honorem
1201 3321 1250 3383 dei

98 3414 130 3459 ³⁸
144 3405 268 3466 Navius
281 3406 401 3480 inuenit,
415 3407 516 3469 addita
528 3425 588 3468 uua
600 3407 711 3488 syllaba
724 3407 762 3467 ad
775 3408 933 3469 iambicum
947 3426 1072 3482 uersum,
1086 3405 1143 3466 sica

178 3525 320 3579 “summas
331 3540 398 3597 opes
409 3525 454 3601 qui
465 3543 556 3597 regum
566 3525 650 3597 regias
659 3523 793 3598 refregit.''

98 3625 258 3697 Asconius
273 3628 420 3689 Pedianus
433 3627 472 3689 ad
487 3630 551 3710 Cic.
566 3642 625 3691 act.
639 3631 665 3690 1.
680 3631 710 3688 in
725 3630 849 3691 Verrem
872 3647 901 3690 c.
925 3635 975 3691 ¹10.
996 3635 1016 3668 “
1028 3626 1140 3687 dictum
1153 3627 1251 3686 facete
1316 3603 1320 3615 Ι

95 3716 130 3777 3⁸
144 3719 175 3770 et
189 3710 446 3794 contumeliosam
461 3711 611 3772 Metellos.
654 3711 819 3791 Antiquam
835 3709 928 3770 Naevii
943 3720 998 3785 est,

178 3829 198 3858 ‘¹
206 3825 266 3884 tau
276 3828 382 3885 Metelli
393 3830 489 3885 Romae
500 3829 571 3885 liunt
583 3830 720 3888 consules}

100 3935 132 3971 “
145 3931 194 3993 cui
208 3942 281 3991 tunc
295 3934 437 3998 Metellus
459 3935 561 3994 consul
576 3940 667 3995 iratus
691 3953 778 3995 versu
800 3933 990 4015 responderat
1014 3928 1130 3990 senario
1141 3925 1250 4008 hyper-

101 4018 131 4053 “
144 4013 301 4086 catalecto,
317 4016 412 4094 quiet
428 4017 581 4076 Saturnius
601 4016 720 4091 dicitur,

178 4131 197 4160 ‘⁸
209 4130 311 4186 dabunt
323 4131 422 4186 malum
440 4132 546 4188 Metelli
559 4133 656 4190 Navio
667 4134 772 4206 podtae:

103 4241 132 4276 “
146 4237 184 4300 de
197 4259 257 4321 qua
269 4241 390 4321 parodia
402 4244 547 4305 subtiliter
562 4245 669 4306 Cicero
689 4244 774 4318 dixit,
798 4254 829 4304 tc
852 4262 912 4302 non
935 4239 1008 4314 fato,
1032 4251 1066 4310 ut
1093 4234 1192 4299 eaeteri
1214 4253 1251 4294 ex

100 4318 242 4391 “,vestra
262 4323 405 4384 familia.’'
458 4326 575 4386 Seruius
601 4328 632 4384 in
658 4325 841 4387 Centimetro
865 4346 897 4405 p.
919 4327 1013 4384 1825.
1038 4333 1057 4363 ‘⁶
1084 4317 1253 4381 Saturnium

101 4404 130 4477 ξ(
144 4413 262 4467 constat
275 4405 400 4470 dimetro
412 4407 538 4472 iambico
552 4420 584 4472 et
597 4408 801 4491 ithyphallico‚
815 4418 849 4468 ut
863 4405 1003 4487 eathocr
