2694 4866
466 166 474 193 1

235 254 294 314 DE
315 254 509 317 IAMBICIS
531 202 1099 319 TR1MET⁸R1sAOATALEcT1s
1193 264 1228 322 8l

138 426 191 484 20.
213 424 363 503 Auapaesti
378 445 446 484 usus
460 425 497 484 ad
510 424 595 483 aliam
609 443 662 483 nos
677 424 805 494 deducit,
822 445 945 503 eamque
969 427 1037 487 satis
1057 427 1226 506 impeditam

93 504 299 582 quaestionem.
342 507 419 565 Nam
434 527 523 585 quum
537 526 595 564 non
609 506 647 565 sit
661 505 790 575 dubium,
805 518 982 585 anapaestum
997 509 1129 567 omnibus
1139 511 1222 583 locis,

92 586 202 662 ultimo
223 599 359 666 excepto,
385 588 485 666 recipi,
510 587 674 666 pariterque
688 598 815 660 constet,
837 608 924 659 arses,
949 601 1056 667 praeter
1079 590 1222 666 ultimam,

92 665 168 724 solvi
184 685 285 726 omnes
298 688 397 746 posse:
418 681 515 728 tamen
538 668 689 746 quaesitum
714 681 768 740 est,
793 688 831 727 an
854 670 941 729 etiam
963 682 1030 729 ante
1044 683 1223 749 anapaestum

94 747 169 804 solvi
191 749 262 807 arsis
283 749 387 821 soleat,
408 750 479 822 sive,
501 761 533 807 ut
554 749 616 831 aliis
638 750 732 808 verbis
753 761 827 822 utar,
849 771 886 809 an
907 750 993 813 etiam
1015 751 1163 811 tribracho
1177 754 1223 813 vel

94 827 216 908 dactylo
230 829 400 910 subjiciatur
414 842 585 910 anapaestus.
626 831 753 908 Negavit
774 832 832 893 hoc
856 832 1017 905 Dawesius,
1034 844 1064 892 et
1078 833 1157 906 hinc,
1172 834 1224 911 qui

94 919 161 987 post
183 929 251 968 eum
271 911 364 993 fuere,¹
386 911 416 969 in
436 913 528 990 iisque
550 911 637 974 etiam
659 911 805 973 Porsonus
826 914 863 971 ad
886 914 987 992 Eurip.
1000 914 1060 972 ¹Or.
1082 920 1131 975 51.
1152 920 1223 975 499.

95 1009 186 1067 quum
201 1002 289 1050 antea
309 1012 409 1052 omnes
424 991 563 1070 conjungi
587 992 676 1071 pedes
700 993 770 1051 istos
794 1007 940 1072 putarent,
956 1014 1041 1073 qoam
1056 995 1222 1072 opinionem

93 1069 271 1130 defendebat
285 1073 381 1132 adhuc
396 1073 587 1133 Marklandus
603 1073 641 1132 ad
656 1074 758 1152 Eurip.
774 1075 874 1155 Suppl.
888 1080 958 1136 901.
978 1097 1007 1154 p.=
1031 1081 1099 1136 185.
1111 1076 1140 1135 b.
1182 1078 1222 1135 Et
1309 1084 1311 1089 '

94 1169 164 1211 saue
185 1171 224 1212 ex
242 1153 497 1230 grammaticorum
518 1155 663 1214 sententia
682 1175 802 1218 necesse
823 1169 867 1220 est
887 1167 968 1216 recte
989 1176 1021 1217 se
1041 1152 1224 1222 habeat'ista

95 1230 201 1291 horum
215 1233 324 1312 pedum
345 1237 523 1317 conjunctio,

161 1413 244 1479 &⁴th
279 1414 384 1479 υυ-Ι-
613 1417 714 1482 -όυ
746 1419 852 1481 υυ-Ι-

173 1609 250 1639 υ-
624 1629 714 1640 ...-

96 1708 131 1748 cx
150 1692 262 1750 numeri
282 1692 348 1771 lege
370 1705 468 1755 autem
489 1706 590 1773 aperte
610 1713 699 1773 prava
719 1706 772 1764 est,
794 1705 829 1752 ut
849 1715 914 1772 quae
928 1695 1221 1773 proceleusmaticum

101 1791 149 1851 pro
167 1773 296 1832 trochaeo
317 1775 436 1850 inferat,

178 1887 419 1974 υΙόυυυΙζ
661 1891 925 1975 ...ΙόυυυΙ-η

107 2003 208 2065 Contra
217 2005 385 2083 hujusmodi
399 2006 507 2086 pedum
518 2006 683 2086 dispositio,

176 2185 404 2269 υυόυΙυ-ἷ.
549 2226 552 2232 ·
585 2184 903 2269 ῦζΙυυόυΙῦζ.

111 2316 183 2374 quam
204 2300 386 2379 grammatici
407 2320 465 2358 non
486 2311 607 2380 possunt
628 2320 688 2359 non
709 2300 883 2379 improbare,
915 2311 997 2359 recte
1020 2298 1160 2359 sehabet
1187 2318 1226 2358 ex

109 2384 208 2440 numeri
228 2382 306 2461 lege,
327 2382 395 2461 quia
415 2382 510 2443 salvus
530 2392 628 2443 manet
649 2382 815 2442 trochaicus
835 2400 983 2453 numerus,

175 2559 420 2644 υυΙόυνΙ-
589 2558 946 2645 ῧΙ-Ι-υυΙόυ-Ι-Ι-

106 2668 175 2731 Nam
188 2676 238 2754 qui
251 2677 283 2733 in
304 2677 464 2755 posteriore
486 2677 623 2754 exemplo
645 2677 781 2755 dactylus
804 2686 858 2749 est,
878 2675 980 2733 breves
1000 2673 1089 2732 habet
1110 2672 1222 2731 irratio·

105 2754 187 2816 uoles.
227 2757 491 2817 Grammaticorum
507 2758 628 2842 quidem·
639 2757 813 2829 doctrinam,
827 2775 892 2834 quae
907 2756 977 2812 nihil
991 2755 1068 2831 frugi
1083 2753 1224 2825 continet,

105 2832 274 2908 deseremus,
287 2858 407 2918 remque
421 2859 537 2898 omnem
558 2839 589 2897 in
612 2849 671 2898 tres
691 2850 789 2917 partes
803 2837 972 2896 dividemus.
1013 2836 1117 2912 ltaque
1131 2835 1224 2913 primo

108 2918 345 2980 considerabimus
359 2921 508 2999 dactylum
522 2939 575 2998 pro
590 2920 719 2979 trochaeo
734 2920 871 2998 positum,
893 2927 1033 2996 sequente
1046 2916 1143 2975 soluta
1156 2915 1224 2984 arsi;

106 2994 204 3059 deinde
217 3012 395 3078 anapaestum
408 3001 569 3061 videbimus
584 3001 732 3059 tribracho
743 3001 784 3058 ita
796 3001 971 3077 subjectum,
987 3010 1019 3056 ut
1033 2997 1144 3056 iambus
1158 3017 1225 3074 pro·

107 3077 335 3140 celeumaticum
355 3092 510 3161 sequatur:
532 3081 658 3159 denique
678 3091 855 3160 anapaestum
876 3099 929 3159 pro
943 3079 1049 3152 iambo,
1066 3097 1227 3156 praegressa

106 3159 192 3222 soluta
201 3163 269 3235 arsi,
282 3164 506 3246 perpendemus.
917 3198 919 3203 ·

141 3245 187 3305 21.
208 3243 305 3323 igitur
318 3243 420 3326 prima,
435 3263 501 3332 quae
514 3244 544 3310 in
559 3243 803 3324 fflsceptationem
813 3241 902 3316 veuit,
923 3241 1017 3301 forma
1030 3240 1094 3306 haeo
1107 3250 1169 3321 est,

174 3423 283 3490 ssw
314 3427 427 3492 ὗν·-

174 3586 282 3661 ζ-υψ
309 3587 389 3654 ahtau

97 3694 257 3781 improbata
270 3705 477 3783 grammaticis,
492 3708 544 3768 sed
557 3706 672 3786 legibus
692 3705 805 3765 numeri
826 3713 1030 3763 consentanea.
1071 3698 1148 3757 Nam
1168 3715 1223 3775 pro

98 3776 191 3843 'umbo
203 3785 262 3857 illa,
279 3805 339 3844 non
354 3807 408 3865 pro
421 3789 551 3848 trochaeo
576 3787 867 3868 proceleusmaticum
892 3785 988 3843 infert.
1030 3784 1133 3859 Itaque
1147 3776 1226 3856 apud

96 3854 244 3926 Romanos
256 3866 493 3946 frequentissima
505 3880 565 3932 est.
603 3870 708 3929 Statim
724 3868 879 3928 Terentius
893 3867 923 3924 in
941 3864 1033 3924 Andr.
1048 3863 1074 3921 Ι.
1090 3866 1117 3933 l,
1133 3865 1182 3921 91.
1235 3919 1237 3923 ,

162 4004 223 4058 quae
235 3986 271 4042 ibi
283 3986 405 4055 aderant,
415 3989 486 4046 torte
498 4008 578 4045 unam
590 3989 708 4062 adspicio
721 3987 956 4044 adulescentulam.

89 4078 265 4165 ‘humina
287 4093 393 4166 fateor,
415 4097 479 4155 haec
500 4097 593 4156 forma
613 4096 691 4176 apud
712 4096 834 4155 Graecos
854 4106 907 4153 est.
949 4090 1009 4151 Sed
1036 4107 1126 4168 quum
1153 4083 1224 4143 nihil

95 4184 204 4231 caussae
218 4173 267 4247 sit,
282 4194 374 4253 quare
386 4196 451 4236 eam
464 4178 509 4236 his
523 4178 615 4257 magis
630 4197 716 4257 quam
732 4176 870 4236 Romanis
891 4174 1081 4251 improbatam
1106 4183 1223 4227 censea-

100 4266 171 4325 mus,
192 4275 286 4334 quum
307 4258 445 4330 numeris,
460 4259 549 4319 modo
562 4261 651 4318 verba
665 4270 733 4338 apte
747 4257 885 4337 disposita
898 4256 966 4325 sint,
981 4251 1099 4330 egregie
1120 4266 1225 4339 coure-

95 4331 164 4403 aiat,
181 4356 243 4396 non
257 4338 350 4397 ausim
365 4358 429 4399 eam
443 4352 600 4420 propterea
611 4352 735 4414 tantum,
747 4341 817 4423 quia
829 4356 895 4399 rara
907 4347 961 4408 est,
976 4335 1124 4395 damnare.
1144 4331 1228 4389 Aus-

92 4416 284 4500 apheresis
299 4419 531 4486 Plutov.1011.
652 4503 682 4565 L
