2694 4866
500 295 750 372 DEDICATIO.
1135 300 1188 362 xiii

57 479 139 540 sent,
159 465 215 527 nisi
235 484 316 540 casu,
337 465 386 546 qui
400 463 542 526 dominari
556 464 586 524 in
609 465 696 525 rebus
718 465 852 525 humanis
873 467 959 540 solet,
980 467 1033 528 lux
1056 468 1128 528 mihi
1147 472 1190 532 af.

57 567 197 627 fulsisset.
238 564 471 626 Obambulabam
484 563 601 624 fortein
614 564 706 625 bortis
726 583 794 624 cum
816 564 1017 640 Eicbstae'dtio,
1042 588 1191 649 quumque

57 684 207 728 narrarem
221 664 259 740 ei,
273 663 349 724 velle
361 683 410 724 me
423 662 553 724 libellum
566 662 665 737 edere,
679 682 814 743 quorem
828 664 979 724 metricam
993 666 1087 740 aliter,
1101 678 1191 747 atque

60 763 188 825 antebac
201 763 320 822 solitum
333 760 419 834 esset,
433 772 667 842 pertractassem,
682 761 808 822 rationes
830 761 879 822 ille
894 762 1082 842 interrogarit
1105 765 1192 845 hujus

59 883 145 924 norae
158 861 310 924 doctrina.
355 862 402 921 lbi
421 872 544 941 repente
563 861 689 922 advertit
710 881 758 922 me
778 861 827 922 illa
849 864 1014 923 caussarum
1037 875 1127 943 atque
1150 865 1193 926 ef·

58 960 192 1023 sectuum
207 961 392 1021 coboerentia.
433 960 539 1040 ltaque
555 963 616 1041 jam
630 960 748 1040 quidem
771 960 947 1040 respondere
971 981 1019 1022 me
1033 981 1091 1022 non
1105 982 1191 1042 posse

60 1060 134 1132 dixi,
148 1058 202 1119 sed
215 1059 297 1119 brevi
310 1078 370 1118 non
388 1077 452 1119 esse
476 1058 642 1118 defuturam
666 1059 892 1139 responsionem.
933 1059 981 1120 lta
1006 1060 1124 1120 domum
1148 1080 1194 1121 re·

61 1175 173 1230 versus,
187 1158 330 1217 rationem
344 1156 423 1217 illam
438 1175 554 1216 omnem
578 1156 706 1226 enodare
727 1155 854 1218 institui:
884 1157 964 1236 quod
991 1177 1081 1237 quum
1101 1158 1195 1220 multa

62 1253 259 1334 diuturnaque
272 1254 450 1334 cogitatione
464 1253 582 1315 tandem
602 1254 732 1316 effecisse
751 1274 800 1315 me
813 1254 1084 1329 animadverterem,
1098 1275 1194 1337 neque

62 1353 233 1433 quidquam,
247 1353 328 1433 quod
340 1353 551 1425 adversaretur,
566 1353 735 1426 invenirem,
750 1365 832 1415 tanto
847 1352 939 1432 magis
952 1352 1024 1412 mihi
1038 1355 1115 1414 visus
1128 1374 1193 1414 sum

61 1471 165 1511 verum
186 1450 304 1523 vidisse,
328 1450 418 1533 quod,
446 1471 511 1531 quoe
535 1470 574 1511 ex
600 1451 645 1511 bis
669 1451 818 1532 principiis
849 1451 1078 1525 deducerentur,
1108 1453 1194 1533 plane

60 1538 265 1610 consentirent
279 1548 427 1622 cumillis,
441 1569 507 1629 quae
521 1560 610 1609 antea
626 1548 689 1609 solo
712 1548 824 1609 aurium
848 1548 963 1609 monitu
984 1569 1044 1609 non
1068 1548 1157 1609 modo
1177 1567 1197 1609 a

60 1667 110 1707 me
124 1659 232 1720 essent,
246 1649 299 1710 sed
312 1650 349 1709 ab
363 1648 427 1729 ipso
440 1647 528 1709 etiam
543 1648 677 1709 bentleio
698 1648 889 1729 deprebensa.
922 1649 978 1722 ¹Ita
997 1667 1087 1727 quum
1100 1649 1196 1710 brevis

61 1743 119 1805 iste
132 1743 256 1815 libellus,
271 1764 358 1825 quem
375 1746 515 1825 scriptum
529 1745 684 1820 habebam,
698 1746 736 1805 ad
749 1746 818 1806 satis
840 1764 978 1824 magnum
991 1745 1127 1805 volumen
1150 1745 1195 1803 in-

65 1841 218 1915 crevisset,
233 1842 310 1903 edidi
324 1855 383 1904 tres
397 1844 462 1904 illos
475 1845 513 1903 de
537 1844 637 1904 metria
660 1848 812 1924 poetarum
837 1845 1010 1904 Graecorum
1031 1854 1062 1903 et
1087 1844 1196 1904 Roma·

63 1959 169 2000 nomm
190 1941 291 2014 libros,
311 1941 415 2002 melius
435 1944 472 2003 ab
492 1962 680 2002 numerorum
700 1941 953 2023 pervestigatione,
984 1961 1070 2022 quarn
1101 1942 1148 2002 vel
1179 1961 1197 2002 a

61 2037 187 2101 scientia
205 2039 327 2100 aliarum
341 2058 448 2113 rerum,
463 2041 568 2121 quibus
589 2041 618 2099 in
633 2041 691 2101 boo
704 2060 812 2120 genere
827 2060 900 2120 opus
914 2050 967 2110 ast,
990 2041 1038 2099 vel
1055 2059 1072 2099 a
1094 2058 1197 2100 neces·

60 2135 144 2197 sariis
165 2136 306 2197 librorum
326 2138 465 2217 presidiis
488 2139 656 2198 instructus.
698 2138 802 2197 Paullo
830 2149 907 2217 post,
928 2156 1017 2216 quum
1037 2135 1197 2196 lectionum

64 2234 310 2302 Academicorum
330 2260 432 2302 mussa
446 2242 622 2303 Germanice
646 2241 807 2303 breviorem
830 2241 869 2300 de
890 2260 922 2299 re
946 2239 1068 2300 metrica
1091 2239 1197 2298 librum

64 2339 241 2413 emitterem,
261 2339 394 2420 quaedam
411 2341 526 2413 clarius,
542 2340 598 2401 alia
607 2339 716 2400 rectius
731 2338 863 2419 exposui.
904 2336 1104 2409 Evenit'vero,
1118 2336 1198 2417 quod

64 2437 141 2496 solet
169 2437 199 2496 in
213 2437 278 2498 ‘tali
308 2456 418 2499 mussa.
460 2437 537 2499 Nam
567 2458 656 2518 quum
684 2438 826 2518 plerique,
858 2437 909 2517 qui
932 2437 1042 2497 litteras
1063 2436 1197 2516 antiquas

61 2543 205 2608 tractant,
233 2555 252 2596 a
278 2535 541 2617 philosophicarum
570 2535 801 2615 disputationum
828 2534 989 2594 subtilitate
1015 2534 1101 2594 alieni
1128 2534 1196 2607 sint,

65 2631 165 2712 plures
184 2632 390 2713 reperti‘runt,
412 2635 463 2715 qui
482 2633 571 2695 fidem
591 2634 678 2694 dictis
699 2634 771 2694 meis
790 2633 943 2705 baberent,
963 2650 1050 2713 quam
1075 2632 1125 2711 qui
1152 2651 1199 2693 ra·

44 2729 161 2790 ‘tiones
172 2750 275 2792 eorum
295 2731 504 2813 intelligerent,
519 2732 569 2813 qui
582 2732 722 2814 perpauci
735 2733 837 2793 fuere:
857 2731 989 2812 plerique
1009 2750 1071 2790 rem
1092 2729 1122 2789 in
1136 2749 1235 2815 me·q
1306 2709 1309 2723 Ι

64 2829 115 2889 dio
142 2829 264 2908 positam
292 2831 492 2912 reliqueruntr
521 2824 649 2912 quidam,
678 2850 744 2892 mea
764 2831 880 2909 partim,
901 2829 1008 2915 partim
1028 2847 1080 2888 sua
1100 2828 1197 2908 culpo,

64 2928 159 2990 multa
178 2930 253 2991 male
272 2931 464 3012 interpretati,
484 2930 573 2991 etiam
594 2929 813 2991 contradixere.
853 2927 993 2987 Omnium
1014 2938 1112 2988 tamen
1136 2938 1197 2986 stu·

10 3034 16 3043 '
65 3026 116 3089 dia
134 3040 281 3090 commota
299 3041 387 3093 sunt:
407 3041 451 3102 ut,
471 3029 496 3089 si
517 3029 588 3088 nibil
609 3029 690 3089 aliud
703 3027 861 3098 effecerim,
884 3037 965 3086 certe
985 3045 1032 3086 me
1053 3045 1112 3085 non
1132 3043 1196 3105 poe·

64 3125 169 3200 niteat,
189 3128 367 3208 neglectioni
386 3149 449 3190 rem
469 3129 620 3190 metricam
635 3128 792 3209 eripuisse.—
826 3127 936 3188 Postea
949 3128 1028 3207 apud
1041 3127 1197 3187 britannos

64 3236 160 3285 metra
178 3226 275 3304 attigit
297 3228 335 3287 R.
356 3226 512 3299 Porsonus,
534 3227 578 3285 vir
598 3244 715 3305 magnae
735 3235 939 3304 accurateque
960 3223 1110 3298 doctrinae,
1135 3223 1197 3304 qui,
1279 3218 1282 3224 ’

65 3333 208 3401 quantum
235 3324 367 3404 diligenti
396 3326 597 3405 exemplorum
618 3325 835 3405 comparatione
856 3323 931 3384 effici
951 3335 1079 3404 poterat,
1100 3323 1130 3383 in
1150 3323 1196 3397 iis,

64 3438 134 3498 qua
145 3432 214 3482 uota
232 3422 369 3496 habebat,
390 3423 490 3484 metris
514 3424 556 3484 ita
568 3424 711 3503 praestitit,
733 3435 766 3482 ut
782 3433 813 3482 et
827 3423 1042 3483 observationes
1056 3419 1202 3501 quasdam

66 3519 210 3601 egregias,
231 3531 262 3581 et
281 3540 341 3582 non
363 3513 472 3602 paucas
493 3522 648 3603 praeclaras
671 3521 889 3582 emendationes
913 3519 1053 3581 attulerit.
1087 3517 1197 3578 'Omni-

64 3636 166 3699 noque
184 3617 244 3679 dici
264 3619 314 3679 vix
333 3632 440 3700 potest,
462 3633 602 3701 quantum
623 3621 671 3681 hic
691 3621 735 3679 vir
755 3619 891 3697 exemplo
912 3637 965 3677 suo
985 3615 1088 3676 studiis
1112 3616 1197 3677 Grae.

10 3706 13 3781 ὲ
62 3735 165 3776 earum
184 3717 348 3778 nmmum
368 3720 519 3799 profuerit.
560 3719 643 3778 roem
664 3719 689 3777 st
708 3718 797 3778 etiam
817 3715 928 3795 aliquid
947 3714 1052 3786 obfuit,
1081 3733 1140 3773 non
1164 3715 1197 3775 is

62 3815 129 3895 ipsi,
148 3815 200 3876 sed
224 3815 287 3877 aliis
318 3817 506 3879 tribuendum
525 3828 580 3879 est.
620 3819 799 3896 Magnorum
824 3814 901 3875 enim
926 3813 1052 3873 virorum
1074 3823 1129 3886 est,
1151 3832 1198 3874 re·
1259 3848 1264 3855 «

67 3931 165 3972 serare
185 3914 322 3988 claustra,
345 3926 376 3976 et
405 3927 565 3976 monstrare
589 3914 675 3988 viam,
699 3933 759 3973 non
783 3933 842 3994 quo
864 3931 942 3993 pone
965 3910 1028 3989 quis
1049 3921 1196 3992 sequatur,

67 4030 173 4093 magna
193 4013 296 4095 impari
317 4033 404 4095 passu
424 4017 546 4096 vestigia
567 4016 678 4095 legens,
700 4026 753 4075 aut
776 4014 814 4074 ad
837 4031 982 4074 summum
1008 4011 1125 4086 ibidem,
1147 4013 1196 4072 ubi

68 4110 131 4190 ipsi,
158 4113 310 4187 consbtat,
341 4115 393 4175 sed
422 4125 457 4174 ut
484 4115 599 4195 longius
619 4116 667 4175 alii
690 4113 860 4194 procedant.
901 4108 1048 4173 Porsonus
1069 4110 1197 4189 quidem,

67 4207 106 4267 vir
132 4210 252 4271 errandi
275 4223 335 4274 tam
358 4232 474 4292 parcus,
489 4232 577 4293 quam
591 4212 741 4274 Rentleius
755 4210 894 4291 prodigus
915 4209 1030 4270 iuerat:
1049 4207 1196 4268 audentis·

41 4342 44 4349 ·
70 4306 151 4370 rinus
163 4309 244 4372 enim
257 4310 316 4384 ille,
331 4312 411 4394 quod
424 4312 588 4393 periculum
601 4333 660 4373 non
674 4310 854 4383 formidaret,
868 4327 956 4389 sepe,
970 4306 1024 4369 sod·
1034 4314 1100 4370 κεῖτο
1113 4307 1195 4386 pipare
