2694 4866
295 277 353 338 DE
376 277 562 341 NUMERO
586 278 909 342 ANTISPASTICO.
1112 285 1171 341 149

86 449 209 509 musica
229 447 337 527 pedum
358 449 553 528 descriptione
568 448 699 508 ultimum
725 451 898 522 trochaeum,
918 448 973 507 nisi
995 447 1089 518 fallor,
1110 467 1170 508 non

83 542 131 584 um
154 544 327 610 temporum,
354 533 405 589 sed
430 532 608 602 duodenum,
634 533 683 610 qui
708 543 854 590 semantus
875 532 992 603 dicitur,
1013 530 1171 590 habebant.

83 605 109 663 lii
122 625 215 672 autem
229 607 364 672 videntur
373 623 492 671 tanturn
506 613 536 669 in
546 613 737 691 antispastum
751 615 842 686 exire,
857 614 909 672 sed
920 613 1060 671 finiuntur
1070 610 1172 671 ordine

83 689 167 753 mbico
180 694 311 773 simplici,
334 695 382 774 qui
397 705 518 774 propter
532 694 672 772 syllabam
686 695 841 774 ancipitem
856 714 932 774 saepe
946 694 1095 772 spondeus
1116 703 1170 753 est.

83 767 200 846 ljnnodi
215 788 259 834 est
273 795 372 835 versus
385 775 445 848 ille,
466 775 504 834 de
517 793 576 855 quo
590 795 681 855 segm.
694 782 741 836 16.
755 776 892 851 diximus,

127 905 363 991 -l-¹1'-l

129 950 380 971 V—V—-V—

83 1033 126 1097 'ere
146 1041 181 1098 ab
206 1040 330 1099 iambico
354 1057 476 1098 numero
499 1039 536 1098 ad
560 1040 778 1118 antispasticum
800 1040 938 1100 transitur
958 1041 987 1099 in
1002 1038 1173 1119 quibusdam

83 1119 298 1198 impositionibus
318 1120 506 1192 dochmiacis,
528 1120 565 1179 de
587 1123 691 1200 quibus
716 1120 792 1179 infra
816 1123 1018 1201 explicabitur.
1060 1118 1174 1180 Eodem

83 1198 142 1260 eferri
155 1202 225 1261 licet
239 1222 364 1276 versum,
388 1203 438 1281 qui
451 1221 529 1282 saepe
543 1202 573 1259 in
587 1202 731 1281 tragoedia
744 1203 899 1276 iuvenitur,
921 1205 981 1263 hoc
996 1214 1101 1278 metro,

128 1364 363 1400 υ-υ--ῦ

83 1481 147 1542 uoles
160 1493 239 1556 sunt,
260 1501 332 1561 quos
345 1481 443 1561 paullo
457 1491 526 1542 ante
539 1479 689 1564 attolimus
702 1499 742 1540 ex
755 1479 889 1562 AEschyli
903 1480 990 1541 Eum.
1005 1485 1074 1542 386.
1089 1485 1158 1545 390.

127 1600 215 1676 &liniq
229 1599 339 1678 λάμπᾳ,

83 1708 108 1770 isi
119 1724 214 1771 tamen
228 1712 259 1771 hi
272 1711 310 1772 ad
322 1712 461 1773 iambicos
474 1714 538 1773 illos
552 1714 709 1793 pertinent.

102 1798 141 1856 19.
161 1794 241 1853 Mira
261 1813 330 1853 vero
353 1795 531 1854 consociatio
552 1808 597 1854 est
617 1794 755 1876 dactylici
768 1795 882 1854 numeri
895 1814 962 1854 cum
976 1792 1179 1874 antispasticis,

83 1891 115 1949 [ue
126 1881 220 1935 tamen
234 1895 302 1934 usos
316 1888 379 1935 esse
393 1877 524 1949 Graecos,
545 1878 626 1935 nullo
647 1876 734 1935 modo
747 1877 884 1955 ¹dubitari
908 1886 1013 1954 potest.
1055 1875 1132 1934 Nam
1154 1875 1181 1934 si

83 1971 129 2015 inus
150 1968 264 2016 tantum
288 1955 420 2036 dactylus
441 1958 630 2039 antispastum
651 1958 842 2036 precederet,
862 1957 955 2017 videri
967 1958 1016 2018 ille
1029 1965 1126 2037 posset
1139 1973 1179 2016 ex

83 2032 145 2099 umbi
157 2039 302 2100 solutione
316 2049 397 2100 ortus
411 2058 484 2114 esse,
508 2039 566 2098 hoc
579 2038 677 2110 modo,
861 2067 863 2069 >

173 2226 182 2250 Ι
274 2225 284 2250 Ι
325 2225 336 2250 Ι

134 2227 384 2310 υ-Ιυ-..υ

151 2341 198 2372 W
250 2315 253 2347 i

83 2433 107 2494 lt
116 2439 208 2518 plures
221 2463 299 2522 saepe
313 2443 422 2524 dactyli
436 2443 466 2503 io
481 2442 699 2524 antispasticum
713 2442 871 2503 numerum
880 2454 1004 2505 exeunt:
1026 2441 1106 2524 quod
1122 2450 1190 2504 non‘
1234 2451 1237 2458 '

83 2534 123 2578 ere
133 2521 271 2582 indicium
286 2537 338 2594 est,
359 2545 460 2585 revera
473 2545 525 2584 eos
538 2525 671 2606 dactylos
685 2545 763 2598 esse3
783 2525 897 2604 gravius
911 2524 999 2586 etiam
1014 2536 1044 2584 et
1056 2524 1183 2584 certissi-

83 2614 136 2659 uuu
149 2603 229 2677 illud,
251 2607 331 2684 quod
345 2609 432 2665 etiam
446 2606 599 2665 anacrusin
612 2606 721 2668 habere
741 2618 839 2688 potest
859 2605 995 2685 dactylus
1016 2605 1184 2666 dochmium

83 2685 233 2758 »recedens
254 2697 288 2744 ut
302 2687 332 2744 in
346 2687 556 2747 Andromacha
570 2692 640 2748 842.

136 2819 215 2896 clytos
230 2821 299 2892 ξίφος
313 2821 339 2880 ἔκ
352 2798 424 2903 mie
438 2798 559 2903 »lypsim

83 2943 148 3034 duod
160 2952 223 3012 fieri
235 2973 294 3011 nou
308 2964 416 3032 posset,
438 2955 462 3012 si
475 2952 609 3032 dactylus
622 2955 677 3012 iste
691 2927 814 3011 numero
829 2955 942 3012 iambus
962 2947 1048 3026 esset,
1070 2961 1104 3016 et‘
1119 2973 1186 3035 pro·

83 3029 130 3089 ude
142 3033 200 3112 ipse
215 3036 252 3093 ab
264 3035 397 3093 anacrusi
410 3035 564 3113 inciperet.
604 3033 701 3092 Nemo
716 3044 814 3091 autem
828 3053 887 3092 non
900 3034 990 3107 videt,
1004 3055 1107 3114 parum
1116 3056 1186 3097 coa·

83 3107 177 3172 :buum
191 3130 255 3176 esse
269 3116 432 3189 transitum,
453 3119 478 3175 si
491 3113 641 3195 dactylum
654 3132 745 3193 purus
759 3115 932 3194 antispastus
946 3118 1085 3197 excipiat,

156 3246 164 3271 r
322 3247 331 3272 ι
374 3248 384 3272 r

141 3248 433 3331 -υυΙυ--υ

83 3389 150 3449 quam
163 3379 420 3441 inconcinnitatem
434 3394 468 3442 ut
479 3383 605 3444 lenirent
619 3385 729 3458 Graeci,
750 3400 787 3443 ea
799 3383 861 3443 fere
875 3382 1043 3443 conditione
1057 3381 1190 3465 adacty·

83 3448 149 3517 'ised
162 3463 334 3541 antispastos
357 3465 544 3540 transierunt,
572 3476 606 3526 ut
625 3466 705 3547 prior
726 3466 885 3545 antispasti·
899 3483 966 3547 pars
989 3465 1052 3547 ipsa
1074 3485 1190 3547 quoque

83 3531 209 3620 dactylum
222 3544 354 3617 haberet,
618 3540 623 3550 ¹

143 3657 451 3745 sswi-t'mssv
523 3669 527 3677 ’
1194 3746 1198 3755 Ι

83 3769 121 3847 qui
131 3772 260 3855 dactylus
274 3777 331 3838 etsi
351 3797 473 3840 numero
491 3781 582 3864 longe
606 3803 624 3842 a
646 3770 832 3860 praecedente
853 3780 983 3851 diuersus
1007 3790 1062 3854 est,
1082 3790 1190 3854 tamen,

113 3851 120 3866 '
147 3856 281 3917 me'nsura
294 3859 469 3939 syllabarum
489 3875 578 3944 atque
592 3855 693 3939 ordine
714 3864 741 3924 ei
757 3883 809 3944 por
823 3867 878 3937 est,
898 3861 1138 3940 commodamque
1161 3864 1192 3922 in

102 3940 299 4014 nguauacrusi
321 3944 430 4003 moram
455 3939 636 4026 offertque
657 3956 739 4005 tanto
760 3946 905 4024 efficacior
925 3955 988 4018 est,¹
1001 3943 1079 4022 quod
1096 3943 1191 4005 soluta

83 4016 137 4076 usis
163 4019 303 4082 leviorem
327 4034 357 4082 et
378 4025 473 4093 miuus
494 4022 700 4106 impetuosum,
731 4022 818 4107 quam
842 4047 901 4085 non
922 4025 1027 4097 soluta,
1048 4024 1192 4084 incessum

83 4093 166 4174 hbet,
196 4101 359 4181 aptissimus
387 4104 424 4164 ad
452 4109 605 4189 utriusque¹
629 4109 743 4169 numeri
768 4106 1013 4170 consociationem
1037 4105 1191 4168 invenitur.

83 4176 217 4242 [mitur
230 4180 329 4254 aliem
343 4205 368 4245 a·
380 4187 514 4268 dactylis,
535 4186 614 4270 quod
630 4210 691 4270 ego
711 4186 902 4260 meminerim,
923 4187 962 4246 ad
984 4186 1193 4255 solumsdoch·

83 4262 166 4336 lium>
188 4269 249 4324 no‘n
263 4264 809 4359 etiama'dsimplicernantispastum¹
831 4271 908 4336 Nam
931 4269 961 4329 iu
981 4268 1046 4345 boc:
1061 4268 1194 4348 AEschyli

83 4345 533 4430 ersuiuSept.adTheb.490‘.
605 4348 617 4362 ”
696 4352 713 4359 ”
818 4347 821 4354 ’
