2694 4866
186 277 252 339 450
554 266 636 335 ΠΒ.
649 268 708 332 111.
728 269 822 333 CAP.
834 266 937 333 XVII.
1010 276 1014 283 '

193 441 295 502 affert:
313 437 438 499 varietas
450 450 557 510 autem,
578 441 609 499 in
629 439 742 499 diversa
760 458 828 499 eum
848 438 971 519 rapient,
991 438 1077 501 addit
1096 439 1297 503 Mandra

193 525 248 583 ms
261 533 359 581 autem
377 532 408 581 et
427 522 575 598 grmditas
594 522 714 601 duplex,
734 533 766 580 et
784 520 916 581 varietas.
958 520 1095 601 Utraque
1114 524 1196 583 enim
1217 524 1299 583 aut'a

193 614 299 663 natura
311 620 506 670 numerorum,
521 615 574 661 aut
591 603 621 661 iu
641 602 903 682 comparationibus
922 601 1014 663 inest:
1035 604 1068 660 iu
1088 616 1207 675 natura,
1227 622 1300 684 qu

192 685 307 745 numeri
332 683 511 762 temporibus
536 685 612 742 tardi
639 684 684 743 rel
709 684 848 742 concitati
870 695 954 753 suut3
982 683 1013 740 in
1195 686 1203 701 '

192 786 284 845 quum
298 766 400 844 aequali
413 765 606 824 membrorum
620 764 808 845 proportione
827 762 977 836 incedunt,
996 764 1045 822 vel
1062 766 1171 825 brevia
1190 768 1304 827 mam

194 846 289 926 longis
302 848 469 906 miscentur.
508 846 566 904 His
578 848 665 905 rebus
678 864 768 923 quum
781 845 822 917 id,
841 844 921 924 quod
940 864 1102 906 commune
1121 859 1170 906 est
1189 849 1306 930 stropln·

195 948 259 987 rum
273 930 424 1006 majorum,
439 937 501 985 tum
515 927 694 986 diversitates
706 946 805 985 carum
819 926 977 1005 designate
987 938 1068 986 sunt.
1115 926 1209 989 Nunc
1227 929 1306 989 du

193 1008 232 1070 de
246 1010 289 1068 sin
312 1009 375 1070 ulis.

236 1098 263 1153 8·
287 1031 386 1169 {tque
400 1108 553 1149 commune
566 1089 667 1147 harum
689 1087 871 1167 stropharum
889 1086 968 1147 illud¹
979 1088 1076 1167 posui,
1099 1090 1182 1169 quod
1203 1102 1234 1151 et
1251 1092 1306 1171 ipss

194 1172 351 1251 longiores,
365 1182 396 1230 et
409 1190 446 1229 err
460 1170 589 1249 partibus
602 1171 779 1248 longioribus
799 1181 877 1231 sunt.
916 1171 965 1229 De
984 1170 1117 1249 ipsarum
1139 1172 1306 1253 longitudine

195 1272 254 1312 non
275 1272 348 1332 opus
377 1263 421 1310 est
447 1250 602 1328 quidquam
623 1252 723 1332 adjici;
754 1270 841 1310 nemo
859 1248 935 1311 enim
955 1268 1016 1309 nou
1038 1250 1138 1325 ridet}
1157 1254 1197 1313 ad
1217 1270 1306 1333 magra

194 1346 262 1413 apte
289 1332 479 1412 exprimenda
503 1332 604 1391 breves
629 1333 761 1411 strophas
788 1352 847 1391 non
876 1333 945 1391 satis
975 1334 1219 1395 accommodatas
1247 1352 1304 1395 ent

196 1414 333 1473 Similiter
360 1432 391 1471 se
417 1431 464 1472 res
486 1412 574 1471 habet
597 1414 626 1471 io
650 1414 779 1491 partibus
801 1412 994 1497 stropharum.
1035 1413 1168 1475 Leviora
1190 1416 1305 1475 enimet

194 1495 327 1554 tenuiora
339 1506 510 1572 argumenta
522 1493 633 1552 facilius
646 1496 749 1553 breves
767 1513 952 1553 numerorum
971 1496 1199 1556 terminationes
1217 1496 1304 1556 aaut

195 1587 276 1636 tuntt
296 1575 375 1654 quod
388 1588 489 1634 contra
503 1594 617 1652 magna,
638 1575 768 1653 grandia,
789 1594 890 1635 severa
906 1574 1023 1653 lougius
1043 1577 1214 1637 continuari
1232 1590 1303 1657 atqm

195 1656 289 1716 evolvi
309 1675 443 1715 numeros
462 1657 618 1734 postulant.
660 1656 740 1715 Hinc
758 1656 907 1735 proprium
930 1669 976 1715 ast
996 1655 1103 1715 barum
1124 1658 1302 1739 stropham,

195 1737 304 1833 plures,
318 1756 426 1816 eosque
439 1738 566 1832 diversos
578 1750 713 1831 numerqs
727 1756 785 1796 una
797 1737 993 1831 perpetuitate
1002 1740 1128 1815 junctos
1140 1739 1259 1835 babere,
1269 1748 1301 1808 nt,

194 1819 961 1978 51¹2!bpuervtsstrgsqurgp'vpgqnppppmmprxutcgpaepeeffilsstp:
979 1828 1301 1981 pletrussutgnptozatpz:

194 2000 258 2041 csse
271 1994 417 2061 appareat.
458 1981 546 2046 Quod
559 1982 583 2038 si
596 1980 740 2040 interdum
759 1980 847 2039 etiam
867 1981 897 2038 in
915 1980 1098 2040 brevioribus
1117 1981 1175 2040 illis
1195 1981 1299 2061 stropl'u

196 2081 334 2122 numerus
348 2063 531 2122 continuatus
546 2062 698 2140 reperitur,
719 2073 750 2120 at
770 2081 805 2120 eo
826 2073 923 2123 tamen
942 2079 961 2121 a
980 2061 1141 2141 majoribus
1160 2062 1217 2122 illis
1235 2061 1297 2121 diue

196 2155 275 2216 runt,
289 2144 369 2222 quod
382 2143 494 2203 nonnisi
508 2145 642 2202 eumdem
663 2162 825 2215 numerum,
846 2154 879 2202 ut
900 2141 1097 2220 Glycoueum‚
1111 2143 1160 2203 vel
1173 2144 1296 2209 lonicum,

195 2236 398 2305 perpetuatum
412 2225 528 2295 habent,
544 2243 632 2302 quum
647 2224 675 2282 in
689 2224 814 2303 strophis
828 2224 982 2305 majoribus
994 2223 1085 2283 etiam
1105 2224 1213 2283 diversi
1230 2236 1297 2302 atqua

196 2306 347 2367 dissimiles
374 2307 485 2365 numeri
512 2307 687 2368 cohereant.
729 2305 875 2365 Transitio
902 2322 921 2365 a
946 2305 1108 2363 minoribus
1131 2301 1297 2384 atropbistd

194 2391 317 2467 majores
330 2387 409 2447 facta
421 2387 535 2446 videtur
547 2407 600 2465 per
612 2407 704 2465 genus
720 2386 865 2465 quoddam
879 2385 1061 2464 stropharum
1081 2386 1236 2445 maximam
1249 2402 1297 2464 pu·

195 2478 256 2528 tem
272 2487 310 2528 ex
331 2468 456 2526 numeris
476 2468 627 2546 dactylicis
651 2469 883 2546 compositarum,
906 2467 937 2525 io
958 2467 1064 2545 quibus
1078 2486 1146 2527 uon
1171 2485 1249 2527 rarus
1264 2475 1296 2524 m

195 2567 334 2609 numerus
353 2549 497 2609 heroicus.
538 2550 667 2627 vestigia
687 2550 773 2627 hujus
792 2546 834 2608 rei
854 2550 885 2607 iu
905 2549 988 2627 Ibyci
1006 2547 1192 2628 aliorumque
1210 2547 1296 2629 lyrim·

196 2648 261 2689 rum
274 2620 619 2710 fragmentis'supersuut.
660 2633 734 2697 Quoe
748 2630 797 2691 ubi
810 2631 878 2689 satis
892 2629 1047 2708 diligenter
1064 2628 1204 2701 collecta,
1224 2640 1298 2689 recte·

197 2731 255 2791 que
275 2723 400 2771 tractata
419 2711 535 2784 luerint,
562 2711 674 2790 plenius
697 2712 818 2771 fortasse
838 2710 1022 2781 mutationes,
1046 2729 1115 2789 quae
1139 2711 1169 2769 in
1192 2708 1298 2788 stroph'r

197 2793 345 2872 paullatim
368 2793 454 2853 factoe
479 2805 566 2864 suut„
585 2793 724 2873 explicari
750 2804 897 2872 poterunt.
937 2792 972 2851 Iu
996 2810 1055 2868 qua
1077 2810 1111 2850 re
1136 2794 1299 2855 considerato

198 2874 353 2951 oportebit,
368 2894 433 2952 quae
446 2875 475 2931 iu
488 2875 652 2948 fragmento
667 2874 818 2934 Censorini
831 2893 895 2953 cap.
915 2879 944 2934 9.
957 2893 987 2952 p.
1003 2877 1070 2935 140.
1091 2872 1222 2937 indicata
1239 2880 1299 2939 aut
1332 2921 1335 2931 .

197 2973 284 3031 quem
298 2955 395 3013 locum
408 2955 504 3031 attigit
518 2955 649 3013 Valesius
665 2955 789 3016 Emeud.
803 2956 856 3015 lV.
873 2960 922 3019 ll·

238 3043 267 3098 4.
290 3034 494 3094 Diversitatem
508 3035 690 3112 stropharum
710 3041 849 3115 maj0rum
870 3036 900 3093 iu
920 3033 1062 3113 gravitate
1083 3045 1117 3093 et
1136 3030 1300 3095 vehementr
1331 3018 1341 3065 Ι

198 3135 384 3177 numerorum
397 3116 489 3195 posui.
532 3119 605 3181 Quae
619 3136 664 3176 res
678 3127 710 3176 ut
723 3117 777 3175 sibi
792 3115 1004 3196 quodammodo
1016 3117 1162 3193 oppositae
1180 3128 1255 3187 sunt,
1270 3113 1300 3171 ita
1330 3100 1341 3147 ³

197 3197 355 3257 inserviunt
368 3197 565 3263 discernendis
584 3196 618 3257 iis
638 3198 740 3256 harum
760 3198 942 3276 stropharum
962 3196 1140 3274 generibus,--
1152 3216 1218 3277 quor
1235 3190 1301 3274 quati
1330 3181 1341 3226 ἣ

197 3291 329 3339 extrema
340 3292 418 3347 suut.
460 3281 523 3339 Has
535 3279 684 3339 brevitatis
698 3299 799 3338 caussa
819 3279 924 3338 Dorias
944 3290 1031 3356 atque
1052 3279 1168 3337 AEolias
1187 3275 1301 3355 strepltu

196 3362 361 3431 nominabo,
376 3361 511 3439 quoniam
525 3361 607 3421 alteri
620 3361 720 3438 generi
735 3360 834 3428 Dorio,
856 3359 939 3419 alteri
961 3357 1058 3417 AEolia
1077 3358 1231 3419 harmonia
1246 3374 1301 3417 oua·

197 3442 285 3513 seuit,
300 3454 333 3500 ut
346 3443 375 3499 iu
396 3442 598 3501 dissertatione
618 3443 655 3501 de
675 3442 800 3503 dialecto
821 3440 939 3499 Pindari
960 3438 1083 3499 ostendi.
1129 3438 1223 3499 Dorio
1240 3436 1300 3497 eoin

196 3522 345 3583 harmonia
358 3542 459 3600 graves
473 3523 536 3581 illos
550 3538 579 3583 et
594 3541 708 3581 severos
721 3541 855 3581 numeros
869 3521 999 3601 requirit,
1013 3518 1113 3579 AEolia
1134 3522 1299 3583 venenosa

197 3617 226 3665 et
241 3604 410 3664 concitatos.
452 3604 584 3664 Medium
598 3604 674 3665 iuter
687 3605 749 3663 haec
763 3605 821 3663 duo
834 3615 922 3682 atque
935 3621 972 3662 ex
987 3612 1114 3679 utroque
1125 3612 1298 3741 temperatam

196 3686 269 3745 illud
282 3705 374 3764 genus
388 3696 443 3756 est,
457 3686 535 3764 quod
551 3685 651 3765 Lydiae
666 3685 823 3744 harmonia
842 3683 1052 3743 conveniebat:
1074 3701 1168 3761 quare
1208 3700 1238 3743 ar
1254 3680 1298 3758 Ly·

197 3768 260 3827 dias
272 3766 448 3827 vocabimus.
490 3770 672 3846 Quamquam
686 3766 803 3825 minime
823 3766 864 3825 ita
882 3765 946 3825 haec
966 3762 1085 3823 nomina
1105 3764 1202 3844 accipi
1220 3760 1296 3825 reth.

197 3848 792 4007 :ttlllllttl‘lltttlltlltt
800 3847 1049 3988 ,iteratim
1073 3844 1208 3925 ⁵⁰⁰¹’“”¹’
1221 3855 1297 3921 ''i'‘

236 4018 266 4071 5.
286 4011 353 4069 Jom
366 4023 497 4069 naturam
512 4028 696 4068 numerorum
710 4010 734 4069 si
752 4009 977 4079 consideramus,
997 4007 1027 4065 iu
1048 4006 1152 4069 Doriis
1170 4004 1223 4067 illis
1239 4013 1295 4063 eru·

197 4090 261 4171 phia
275 4110 386 4168 graves,
399 4091 490 4162 tardi,
498 4090 652 4169 ponderosi
665 4091 777 4150 numeri
797 4090 1023 4170 conspiciuntur,
1045 4088 1149 4169 quales
1167 4088 1197 4147 iu
1215 4080 1295 4167 prim*

196 4182 263 4231 sunt
276 4171 383 4248 epitriti
399 4172 492 4243 Dorii,
507 4171 544 4230 de
558 4171 661 4250 quibus
674 4192 761 4251 supra
773 4171 951 4251 explicatum
970 4180 1024 4242 est,
1043 4170 1142 4247 juncti
1167 4158 1295 4246 maylldr
1328 4160 1341 4237 ἕ

196 4252 335 4320 arcuerim
355 4253 499 4312 trochaeus
516 4264 673 4325 semantus,
695 4254 804 4313 Cretici
824 4253 948 4325 numen,
968 4250 1101 4330 quaedam
1122 4248 1295 4313 trocheum
1337 4276 1341 4288 ·

194 4347 281 4414 atque
296 4333 455 4396 iamborum
469 4335 578 4411 formae,
593 4334 661 4393 item
675 4334 775 4396 formae
789 4334 920 4415 quadam
940 4328 1146 4414 antispasticai.
1184 4331 1219 4391 lo
1236 4324 1292 4388 ΕΦ
1340 4358 1341 4366 1
