2694 4866
119 220 121 223 ⁵
156 268 218 332 nn
240 228 434 334 morerere
455 252 701 333 aornarnrs'
715 268 1027 334 ocaranacrrs.
1117 294 1119 298 Α
1158 282 1219 341 oo*

150 441 177 499 id
190 441 311 526 Mimo,
327 438 437 524 Miyag’,
452 442 483 509 ὣς
498 416 657 524 inlepidae&
669 441 776 502 ababa.

89 544 134 616 bv.
148 568 210 624 roa

89 687 95 698 “
149 677 255 739 urlaub
267 685 295 739 τὶ
309 678 387 753 *sirm
411 677 465 739 ider
478 681 508 739 ai
521 681 620 764 τςιέςιις
634 680 664 739 ou‘
674 680 768 740 mial-

89 771 182 853 Eoles.
196 798 266 878 315.
677 863 679 866 ,

146 893 190 971 ael
201 909 347 989 θσιμοίτιοι,
361 909 400 971 ‘a'rt
412 909 441 976 di
454 908 478 970 δ’
490 913 560 972 inrito
571 911 711 988 ψηλαφὸι.
918 986 920 993 Ι

89 1011 116 1079 1¹1
134 1025 259 1087 Nubium
283 1028 400 1107 quidem
422 1048 517 1103 versu,
542 1041 575 1089 ut
588 1030 651 1090 aliis
664 998 790 1124 inplocie,
815 1029 846 1088 in
865 1028 971 1111 quibus
992 1035 1147 1118 tantgvlm
1160 1047 1192 1097 et
1260 1044 1297 1093 '2

89 1105 231 1196 {luagdm
244 1110 399 1182 invenitur,
413 1111 533 1170 fuerunt
547 1130 651 1191 nuper,
665 1131 715 1191 qur
737 1112 868 1171 Poreono
882 1111 1005 1191 digitum
1019 1114 1192 1179 intendente

89 1191 202 1270 nsuppl.
216 1192 297 1270 praef.
313 1192 351 1250 ad
365 1192 442 1251 Hec.
457 1213 487 1271 p.
502 1196 551 1255 tt.
565 1194 601 1253 ab
617 1194 721 1253 Attica
740 1194 941 1253 contractione
955 1195 1096 1255 auxilium
1110 1211 1193 1277 pete·

89 1281 142 1330 rent.
183 1273 242 1332 Sed
260 1273 318 1331 boc
333 1274 383 1352 qui
403 1274 524 1345 faciunt,
548 1275 653 1334 vellem
675 1274 842 1353 exemplum
863 1277 1070 1337 contractionis
1091 1278 1121 1336 in
1134 1279 1192 1341 hac

89 1368 140 1412 noe
152 1353 237 1413 factae
250 1354 424 1428 attulissent,
439 1356 469 1414 in
483 1375 551 1434 qua,
566 1356 645 1435 quod
655 1375 712 1434 ego
726 1357 916 1427 meminerim,
931 1374 1046 1437 semper
1055 1379 1192 1421 commu-

89 1432 113 1491 ris
124 1434 214 1494 forma
228 1448 394 1514 usurpatur.
436 1437 504 1497 Alia
524 1441 704 1516 conjectura,
726 1438 773 1496 cui
788 1449 885 1498 tamen
899 1458 979 1498 nunc
989 1439 1099 1514 diffido,
1112 1461 1131 1502 a
1143 1461 1193 1504 me
1274 1437 1277 1442 ’

89 1516 178 1575 rolata
197 1529 241 1576 est
261 1518 291 1575 in
312 1517 500 1578 adnotatione
521 1518 559 1577 ad
581 1519 722 1579 Erfurdtii
743 1519 973 1600 disputationem
990 1541 1019 1600 p.
1039 1528 1110 1585 431.
1152 1525 1191 1585 In

89 1594 150 1657 ’acis
165 1617 249 1658 versu
272 1599 439 1658 Erfurdtius
453 1621 482 1678 p.
497 1605 565 1662 436.
585 1602 769 1681 proponebat
789 1603 817 1662 iol
831 1601 977 1684 Miyag’,ai
997 1603 1107 1688 M'tyeg’.
1147 1608 1193 1666 At

89 1678 136 1737 lin
149 1679 210 1739 hoc
224 1680 301 1752 loco,
314 1681 346 1739 in
367 1701 425 1759 quo
440 1681 548 1761 ubique
568 1683 660 1742 oratio
675 1683 810 1743 eumdem
832 1683 961 1742 colorem
981 1695 1075 1759 tenet,
1089 1705 1194 1748 vereor
1228 1704 1244 1750 ,·

89 1766 174 1820 'enon
187 1762 225 1821 eit
238 1761 462 1837 admittendum,
476 1783 567 1842 quum
581 1765 681 1844 paullo
694 1775 763 1824 ante
777 1764 889 1825 dictum
902 1765 950 1838 eit,
980 1763 990 1778 ³
1195 1776 1199 1782 '

139 1881 169 1940 bi
182 1864 278 1963 ssgnoi,
291 1882 387 1963 βςοτοί,
403 1884 489 1964 ssgoroi
502 1885 697 1961 πολυτλήμονις.
798 1914 803 1921 ’
890 1910 894 1918 ’

89 1998 255 2074 beamdem
264 2017 394 2058 caussam
405 1982 521 2076 probari
530 2018 589 2057 non
602 2010 700 2078 potest
711 2000 834 2059 Porsoni
846 2003 1016 2080 conjectura
1021 2000 1056 2059 'in
1068 2000 1195 2061 Advere·
1208 2012 1214 2020 “

89 2084 175 2142 ‚242
189 2083 219 2147 ὣς
235 2079 330 2138 omitti
343 2080 476 2152 volentis,
490 2099 578 2160 quarn
592 2081 764 2159 particulam
778 2092 899 2141 tuentur
913 2103 940 2141 v.
954 2086 1024 2146 237.
1037 2088 1106 2144 243·
1122 2087 1193 2145 250.

89 2180 101 2218 r
125 2161 232 2220 Avium
254 2162 322 2219 loco
347 2181 384 2220 ne
405 2161 512 2239 linguae
532 2162 649 2241 quidem
673 2181 742 2221 urus
761 2162 839 2222 ferre
858 2163 974 2221 videtur
995 2163 1207 2242 abjectionem,

89 2243 176 2302 rticuli
190 2246 228 2312 ai,
241 2262 306 2322 quae
319 2262 337 2302 a
352 2261 474 2302 censore
494 2246 636 2304 Britanno
652 2243 785 2322 AEschyli
806 2245 953 2314 Bothiani,
969 2255 1002 2303 ut
1022 2244 1190 2304 Erfurdtiue

89 2363 94 2380 .
106 2330 175 2386 431.
189 2324 290 2397 refert,
305 2325 509 2386 commendata
522 2337 576 2385 eet.
617 2325 854 2402 Acharnensium
867 2337 965 2386 autem
979 2345 1078 2386 veram
1091 2329 1143 2390 47.
1160 2336 1191 2385 et

89 2404 179 2467 lcclee.
199 2427 226 2466 r.
241 2411 310 2469 315.
338 2425 454 2466 omnem
474 2406 611 2467 videntur
625 2407 799 2467 emendandi
823 2419 961 2467 conatum
976 2408 1011 2466 ab
1028 2428 1060 2477 sc
1080 2425 1199 2481 arcere.v

89 2487 175 2551 luibna
195 2487 283 2548 etiam
303 2487 378 2548 alter
397 2498 437 2547 ex
451 2488 690 2550 Acharnemibua
710 2488 793 2548 locus
817 2489 1002 2551 adnumerari
1016 2488 1147 2560 debebit,
1167 2489 1192 2548 ei
1219 2507 1223 2516 ·

89 2568 177 2629 uidem
190 2569 214 2628 is
228 2588 297 2640 non,
312 2570 387 2648 quia
406 2569 473 2628 libri
487 2571 630 2654 φοςοῦμιιις
651 2572 771 2644 babent,
792 2570 1014 2650 suspectueest,
1035 2572 1073 2630 de
1087 2589 1146 2650 qua
1158 2590 1192 2631 re

89 2650 274 2711 mintionem.
295 2670 389 2712 meam
413 2652 651 2712 commemoravit
676 2652 844 2713 Erfurdtiua
867 2674 897 2732 p.
922 2658 994 2713 432.
1017 2671 1079 2732 seq.
1131 2648 1200 2725 Sed

89 2750 150 2791 uum
163 2751 200 2792 ea
218 2732 375 2792 audaciore
395 2733 557 2794 mutatione
577 2754 651 2812 opas
670 2733 789 2806 habeat,
806 2731 887 2794 'malo
908 2753 987 2792 nunc
1010 2743 1194 2811 receptama

89 2813 208 2891 iruockip
223 2814 379 2874 lectionem
393 2815 485 2892 sequi.
526 2818 601 2882 Quae
612 2835 702 2895 quum
716 2815 758 2875 ita
767 2815 835 2887 sint,
850 2814 955 2874 ineam
967 2814 1111 2875 deductus
1125 2833 1192 2872 sum

89 2893 236 2972 pinionem,
251 2907 285 2954 ut
295 2892 415 2956 Graecos
424 2897 518 2968 istam,
528 2894 659 2975 quamvis'
671 2896 763 2974 prima
777 2896 876 2975 specie
886 2896 1004 2974 pravam
1014 2913 1192 2968 mensuram,

89 2987 141 3036 erta
159 2979 226 3056 lege
245 2996 306 3036 non
323 2978 514 3057 adspernatos
534 2992 597 3037 esse
619 2977 745 3036 credam.
786 2977 1042 3053 Quemadmodum
1062 2977 1193 3036 enimin

89 3058 173 3136 egico
196 3059 328 3118 trimetro
356 3053 489 3130 vidimus,
512 3069 625 3118 mutata
653 3077 764 3118 caesura
787 3078 942 3117 numerum
966 3077 1192 3138 mensuramque
1251 3098 1258 3114 s

89 3141 176 3215 lutari,
190 3140 232 3200 ita
244 3140 338 3198 simile
351 3139 422 3219 quid
446 3139 476 3197 in
490 3139 605 3198 comico
624 3139 768 3212 trimetro,
788 3151 857 3200 non·
869 3140 999 3219 quidem,
1020 3151 1054 3199 ut
1074 3140 1144 3214 illic,
1158 3142 1190 3198 in

89 3220 172 3296 uinto,
193 3222 290 3282 sedin
312 3220 442 3280 secundo
463 3221 539 3300 pede
557 3220 669 3280 factum
683 3240 746 3282 esse
770 3222 905 3282 arbitror.
946 3223 1038 3301 Cujus
1052 3222 1083 3280 in
1106 3221 1190 3303 pedia

89 3320 119 3362 ne
130 3303 154 3362 ei
166 3322 280 3364 caesura
292 3313 346 3374 est,
360 3322 453 3382 eaque
467 3322 527 3361 non
540 3314 654 3361 tantum
668 3301 726 3360 fine
739 3303 885 3375 vocabuli,
899 3302 951 3363 sed
965 3303 1119 3365 sententiae
1131 3303 1190 3363 fine

89 3403 147 3463 :qne
160 3385 256 3466 posita
275 3384 511 3464 interpunctione
532 3383 703 3456 constituta,
716 3384 759 3442 ita
779 3395 812 3444 ut
832 3388 972 3462 majorem
993 3385 1024 3442 in
1037 3385 1195 3445 recitando

89 3482 177 3526 unam
201 3466 264 3526 iieri
286 3476 428 3544 oporteat,
449 3465 585 3526 videntur
605 3467 714 3544 poe'tae,
728 3465 752 3524 si
777 3485 829 3544 pee
842 3467 898 3526 iate
923 3465 1089 3525 tribrachus
1102 3476 1190 3539 esset,
1218 3459 1226 3476 “

89 3548 141 3608 rito
154 3567 278 3607 numero
292 3547 433 3627 reliquam
446 3567 545 3608 versus
558 3559 671 3628 partem
685 3547 767 3626 quasi
781 3565 800 3606 a
814 3567 890 3607 novo
904 3547 987 3605 initio
1001 3547 1098 3606 exorsi
1112 3565 1187 3618 esse,

89 3648 98 3688 r
112 3641 145 3690 ut
155 3629 205 3690 isti
217 3629 366 3689 tribracho
376 3629 480 3688 eodem
491 3632 558 3707 jure
571 3637 744 3708 anapaestus,
756 3649 815 3708 quo
826 3629 950 3700 iambus,
960 3628 1065 3706 subjici
1078 3638 1189 3705 posset,

89 3732 111 3771 ec
133 3715 197 3790 jam
219 3722 317 3790 partes
339 3715 437 3770 versus
459 3710 610 3771 trochaico
633 3730 766 3782 nurnero,
791 3714 822 3770 in
844 3729 902 3790 quo
924 3709 1109 3789 prevaleret
1132 3709 1194 3768 ista‘

89 3812 204 3868 ensura,
229 3794 420 3868 cohaererent,
441 3792 493 3852 sed
514 3802 637 3872 utraque
657 3812 711 3852 suo
731 3792 786 3852 sibi
806 3793 925 3877 proprio
948 3810 1071 3853 numero
1090 3803 1189 3872 utere·

89 3897 113 3938 r:

132 4054 295 4122 υ-Ι-υ-
327 4053 678 4119 ΜΝ-Ι-ν-ῧ-ἰυ-

248 4171 296 4212 W
394 4216 403 4241 r

335 4251 359 4283 t)
379 4259 421 4280 a...

89 4343 95 4385 r
115 4331 157 4382 'ut
184 4316 324 4392 seutiam,
347 4318 409 4379 non
428 4315 518 4378 modo
543 4314 616 4378 illud
635 4301 813 4412 memoret,
833 4314 913 4398 quod
928 4314 959 4376 in
979 4297 1043 4377 istis
1063 4287 1194 4376 versibus

630 4430 662 4485 Μ
