<?xml version="1.0" encoding="UTF-8"?>
<!DOCTYPE html PUBLIC "-//W3C//DTD XHTML 1.0 Transitional//EN"
    "http://www.w3.org/TR/xhtml1/DTD/xhtml1-transitional.dtd">
<html xmlns="http://www.w3.org/1999/xhtml" xml:lang="en" lang="en">
 <head>
  <title>
</title>
<meta http-equiv="Content-Type" content="text/html;charset=utf-8" />
  <meta name='ocr-system' content='tesseract 3.04.00' />
  <meta name='ocr-capabilities' content='ocr_page ocr_carea ocr_par ocr_line ocrx_word'/>
</head>
<body>
  <div class='ocr_page' id='page_1' title='image "./elementadoctrin00hermgoog_0340.png"; bbox 0 0 2694 4866; ppageno 0'>
   <div class='ocr_carea' id='block_1_1' title="bbox 287 253 1236 352">
    <p class='ocr_par' dir='ltr' id='par_1_1' title="bbox 287 253 1236 352">
     <span class='ocr_line' id='line_1_1' title="bbox 287 253 1236 352; baseline -0.006 -4"><span class='ocrx_word' id='word_1_1' title='bbox 287 253 573 350; x_wconf 76' lang='lat' dir='ltr'>noveramus</span> <span class='ocrx_word' id='word_1_2' title='bbox 595 285 940 350; x_wconf 78' lang='lat' dir='ltr'>nuncnnournrs</span> <span class='ocrx_word' id='word_1_3' title='bbox 1131 287 1192 352; x_wconf 76' lang='lat' dir='ltr'>ror</span> <span class='ocrx_word' id='word_1_4' title='bbox 1233 334 1236 342; x_wconf 82' lang='lat'>.</span> 
     </span>
    </p>
   </div>
   <div class='ocr_carea' id='block_1_2' title="bbox 89 453 1228 1089">
    <p class='ocr_par' dir='ltr' id='par_1_2' title="bbox 89 453 1204 1031">
     <span class='ocr_line' id='line_1_2' title="bbox 102 453 1189 537; baseline -0.004 -18"><span class='ocrx_word' id='word_1_5' title='bbox 102 463 134 519; x_wconf 88' lang='grc'>9.</span> <span class='ocrx_word' id='word_1_6' title='bbox 158 455 214 515; x_wconf 88' lang='lat' dir='ltr'>His</span> <span class='ocrx_word' id='word_1_7' title='bbox 226 454 340 516; x_wconf 85' lang='lat' dir='ltr'>indiciis</span> <span class='ocrx_word' id='word_1_8' title='bbox 353 456 507 530; x_wconf 85' lang='lat' dir='ltr'>adductus,</span> <span class='ocrx_word' id='word_1_9' title='bbox 528 465 704 537; x_wconf 70' lang='lat' dir='ltr'>magnopere</span> <span class='ocrx_word' id='word_1_10' title='bbox 724 475 836 529; x_wconf 90' lang='lat' dir='ltr'>vereor,</span> <span class='ocrx_word' id='word_1_11' title='bbox 857 474 906 530; x_wconf 87' lang='lat' dir='ltr'>ne,</span> <span class='ocrx_word' id='word_1_12' title='bbox 927 465 961 516; x_wconf 92' lang='lat' dir='ltr'>ut</span> <span class='ocrx_word' id='word_1_13' title='bbox 981 454 1121 515; x_wconf 85' lang='lat' dir='ltr'>iambious</span> <span class='ocrx_word' id='word_1_14' title='bbox 1140 453 1189 515; x_wconf 83' lang='lat' dir='ltr'>ille</span> 
     </span>
     <span class='ocr_line' id='line_1_3' title="bbox 89 536 1191 618; baseline -0.001 -21"><span class='ocrx_word' id='word_1_15' title='bbox 89 548 291 604; x_wconf 49' lang='lat' dir='ltr'>¹nacreouteus</span> <span class='ocrx_word' id='word_1_16' title='bbox 311 549 341 597; x_wconf 90' lang='lat' dir='ltr'>et</span> <span class='ocrx_word' id='word_1_17' title='bbox 360 539 479 598; x_wconf 85' lang='lat' dir='ltr'>lonIcus</span> <span class='ocrx_word' id='word_1_18' title='bbox 499 558 588 599; x_wconf 91' lang='lat' dir='ltr'>unum</span> <span class='ocrx_word' id='word_1_19' title='bbox 608 540 786 618; x_wconf 74' lang='lat' dir='ltr'>genuerint,</span> <span class='ocrx_word' id='word_1_20' title='bbox 813 537 1043 616; x_wconf 79' lang='lat' dir='ltr'><strong>commutarique</strong></span> <span class='ocrx_word' id='word_1_21' title='bbox 1063 536 1191 596; x_wconf 82' lang='lat' dir='ltr'>intense</span> 
     </span>
     <span class='ocr_line' id='line_1_4' title="bbox 89 618 1190 701; baseline -0.003 -21"><span class='ocrx_word' id='word_1_22' title='bbox 89 631 184 691; x_wconf 86' lang='lat' dir='ltr'>reant,</span> <span class='ocrx_word' id='word_1_23' title='bbox 198 631 296 691; x_wconf 80' lang='lat' dir='ltr'>tamen</span> <span class='ocrx_word' id='word_1_24' title='bbox 310 620 520 680; x_wconf 88' lang='lat' dir='ltr'>choriambicus</span> <span class='ocrx_word' id='word_1_25' title='bbox 533 620 618 701; x_wconf 80' lang='lat' dir='ltr'>plane</span> <span class='ocrx_word' id='word_1_26' title='bbox 632 623 668 680; x_wconf 85' lang='lat' dir='ltr'>ab</span> <span class='ocrx_word' id='word_1_27' title='bbox 682 621 738 680; x_wconf 86' lang='lat' dir='ltr'>isto</span> <span class='ocrx_word' id='word_1_28' title='bbox 748 638 856 701; x_wconf 79' lang='lat' dir='ltr'>genere</span> <span class='ocrx_word' id='word_1_29' title='bbox 870 618 1060 692; x_wconf 81' lang='lat' dir='ltr'>diversussit,</span> <span class='ocrx_word' id='word_1_30' title='bbox 1072 636 1109 678; x_wconf 85' lang='lat' dir='ltr'>ac</span> <span class='ocrx_word' id='word_1_31' title='bbox 1123 637 1190 698; x_wconf 86' lang='lat' dir='ltr'>pro·</span> 
     </span>
     <span class='ocr_line' id='line_1_5' title="bbox 89 699 1190 781; baseline -0.002 -20"><span class='ocrx_word' id='word_1_32' title='bbox 89 702 143 773; x_wconf 89' lang='lat' dir='ltr'>de,</span> <span class='ocrx_word' id='word_1_33' title='bbox 159 702 207 760; x_wconf 91' lang='lat' dir='ltr'>ubi</span> <span class='ocrx_word' id='word_1_34' title='bbox 226 701 380 774; x_wconf 88' lang='lat' dir='ltr'>invenitur,</span> <span class='ocrx_word' id='word_1_35' title='bbox 401 702 866 781; x_wconf 82' lang='lat' dir='ltr'>stropharumconstituendarum</span> <span class='ocrx_word' id='word_1_36' title='bbox 884 701 974 761; x_wconf 87' lang='lat' dir='ltr'>index</span> <span class='ocrx_word' id='word_1_37' title='bbox 997 699 1044 759; x_wconf 87' lang='lat' dir='ltr'>sit.</span> <span class='ocrx_word' id='word_1_38' title='bbox 1085 701 1190 779; x_wconf 79' lang='lat' dir='ltr'>Itaque</span> 
     </span>
     <span class='ocr_line' id='line_1_6' title="bbox 89 776 1191 864; baseline -0.004 -21"><span class='ocrx_word' id='word_1_39' title='bbox 89 802 183 843; x_wconf 79' lang='lat' dir='ltr'>umen</span> <span class='ocrx_word' id='word_1_40' title='bbox 197 776 339 843; x_wconf 87' lang='lat' dir='ltr'>XXXIV.</span> <span class='ocrx_word' id='word_1_41' title='bbox 350 784 497 862; x_wconf 79' lang='lat' dir='ltr'><strong>stropham</strong></span> <span class='ocrx_word' id='word_1_42' title='bbox 511 802 575 843; x_wconf 86' lang='lat' dir='ltr'>esse</span> <span class='ocrx_word' id='word_1_43' title='bbox 587 795 659 864; x_wconf 89' lang='lat' dir='ltr'>puto</span> <span class='ocrx_word' id='word_1_44' title='bbox 672 785 718 844; x_wconf 84' lang='lat' dir='ltr'>vel</span> <span class='ocrx_word' id='word_1_45' title='bbox 731 783 899 863; x_wconf 74' lang='lat' dir='ltr'>decerptam</span> <span class='ocrx_word' id='word_1_46' title='bbox 908 802 946 842; x_wconf 85' lang='lat' dir='ltr'>ex</span> <span class='ocrx_word' id='word_1_47' title='bbox 959 780 1097 853; x_wconf 79' lang='lat' dir='ltr'>carmine,</span> <span class='ocrx_word' id='word_1_48' title='bbox 1110 780 1191 861; x_wconf 86' lang='lat' dir='ltr'>qnod</span> 
     </span>
     <span class='ocr_line' id='line_1_7' title="bbox 89 864 1187 944; baseline -0.002 -22"><span class='ocrx_word' id='word_1_49' title='bbox 89 885 99 922; x_wconf 76' lang='grc' dir='ltr'>ι</span> <span class='ocrx_word' id='word_1_50' title='bbox 115 864 247 944; x_wconf 88' lang='lat' dir='ltr'>pluribus</span> <span class='ocrx_word' id='word_1_51' title='bbox 260 865 348 944; x_wconf 87' lang='lat' dir='ltr'>hujus</span> <span class='ocrx_word' id='word_1_52' title='bbox 358 864 459 923; x_wconf 84' lang='lat' dir='ltr'>formae</span> <span class='ocrx_word' id='word_1_53' title='bbox 474 865 599 944; x_wconf 89' lang='lat' dir='ltr'>strophis</span> <span class='ocrx_word' id='word_1_54' title='bbox 613 867 775 939; x_wconf 79' lang='lat' dir='ltr'>constabat,</span> <span class='ocrx_word' id='word_1_55' title='bbox 797 865 853 938; x_wconf 84' lang='lat' dir='ltr'>vel,</span> <span class='ocrx_word' id='word_1_56' title='bbox 867 864 891 926; x_wconf 87' lang='lat' dir='ltr'>si</span> <span class='ocrx_word' id='word_1_57' title='bbox 905 865 1051 943; x_wconf 83' lang='lat' dir='ltr'>integrum</span> <span class='ocrx_word' id='word_1_58' title='bbox 1065 873 1109 922; x_wconf 89' lang='lat' dir='ltr'>est</span> <span class='ocrx_word' id='word_1_59' title='bbox 1123 881 1187 921; x_wconf 83' lang='lat' dir='ltr'>car-</span> 
     </span>
     <span class='ocr_line' id='line_1_8' title="bbox 89 943 1204 1031; baseline -0.006 -27"><span class='ocrx_word' id='word_1_60' title='bbox 89 964 139 1018; x_wconf 92' lang='lat' dir='ltr'>en,</span> <span class='ocrx_word' id='word_1_61' title='bbox 160 944 267 1004; x_wconf 86' lang='lat' dir='ltr'>factam</span> <span class='ocrx_word' id='word_1_62' title='bbox 288 946 325 1003; x_wconf 88' lang='lat' dir='ltr'>ad</span> <span class='ocrx_word' id='word_1_63' title='bbox 338 946 554 1029; x_wconf 77' lang='lat' dir='ltr'>similitudinem</span> <span class='ocrx_word' id='word_1_64' title='bbox 567 947 750 1029; x_wconf 75' lang='lat' dir='ltr'>stropharum</span> <span class='ocrx_word' id='word_1_65' title='bbox 764 946 832 1007; x_wconf 85' lang='lat' dir='ltr'>alibi</span> <span class='ocrx_word' id='word_1_66' title='bbox 846 957 1056 1027; x_wconf 78' lang='lat' dir='ltr'>usurpatorum.</span> <span class='ocrx_word' id='word_1_67' title='bbox 1096 943 1187 1031; x_wconf 81' lang='lat' dir='ltr'>Vide.</span> <span class='ocrx_word' id='word_1_68' title='bbox 1200 1016 1204 1023; x_wconf 31' lang='grc' dir='ltr'>Ι</span> 
     </span>
    </p>

    <p class='ocr_par' dir='ltr' id='par_1_3' title="bbox 89 1026 1228 1089">
     <span class='ocr_line' id='line_1_9' title="bbox 89 1026 1228 1089; baseline 0.005 -4"><span class='ocrx_word' id='word_1_69' title='bbox 89 1037 224 1086; x_wconf 80' lang='lat' dir='ltr'>rentem</span> <span class='ocrx_word' id='word_1_70' title='bbox 245 1026 285 1085; x_wconf 86' lang='lat' dir='ltr'>ita</span> <span class='ocrx_word' id='word_1_71' title='bbox 298 1027 483 1087; x_wconf 86' lang='lat' dir='ltr'>scribendum</span> <span class='ocrx_word' id='word_1_72' title='bbox 503 1026 585 1089; x_wconf 83' lang='lat' dir='ltr'>esse:</span> <span class='ocrx_word' id='word_1_73' title='bbox 1218 1034 1228 1045; x_wconf 90' lang='grc'><strong>”</strong></span> 
     </span>
    </p>
   </div>
   <div class='ocr_carea' id='block_1_3' title="bbox 137 1140 505 1793">
    <p class='ocr_par' dir='ltr' id='par_1_4' title="bbox 140 1140 427 1226">
     <span class='ocr_line' id='line_1_10' title="bbox 140 1140 427 1226; baseline 0.003 -23"><span class='ocrx_word' id='word_1_74' title='bbox 140 1144 178 1222; x_wconf 73' lang='lat' dir='ltr'>pati</span> <span class='ocrx_word' id='word_1_75' title='bbox 189 1168 223 1219; x_wconf 74' lang='lat' dir='ltr'>pet</span> <span class='ocrx_word' id='word_1_76' title='bbox 235 1140 327 1224; x_wconf 65' lang='grc' dir='ltr'><em>φῦγῃς,</em></span> <span class='ocrx_word' id='word_1_77' title='bbox 345 1146 427 1226; x_wconf 61' lang='lat' dir='ltr'>dedo-or</span> 
     </span>
    </p>

    <p class='ocr_par' dir='ltr' id='par_1_5' title="bbox 141 1222 427 1327">
     <span class='ocr_line' id='line_1_11' title="bbox 141 1222 427 1327; baseline 0.003 -44"><span class='ocrx_word' id='word_1_78' title='bbox 141 1227 189 1283; x_wconf 74' lang='lat' dir='ltr'>*trit</span> <span class='ocrx_word' id='word_1_79' title='bbox 209 1229 304 1283; x_wconf 68' lang='lat' dir='ltr'>weard!</span> <span class='ocrx_word' id='word_1_80' title='bbox 322 1222 427 1327; x_wconf 60' lang='lat' dir='ltr'>ddstpar,</span> 
     </span>
    </p>

    <p class='ocr_par' dir='ltr' id='par_1_6' title="bbox 140 1300 456 1412">
     <span class='ocr_line' id='line_1_12' title="bbox 140 1300 456 1412; baseline 0.009 -48"><span class='ocrx_word' id='word_1_81' title='bbox 140 1300 211 1382; x_wconf 60' lang='lat' dir='ltr'>pond,</span> <span class='ocrx_word' id='word_1_82' title='bbox 226 1304 263 1366; x_wconf 74' lang='lat' dir='ltr'>‘dcc</span> <span class='ocrx_word' id='word_1_83' title='bbox 277 1310 315 1366; x_wconf 73' lang='lat' dir='ltr'>col</span> <span class='ocrx_word' id='word_1_84' title='bbox 335 1332 456 1412; x_wconf 62' lang='lat' dir='ltr'>arrepturo</span> 
     </span>
    </p>

    <p class='ocr_par' dir='ltr' id='par_1_7' title="bbox 137 1385 505 1629">
     <span class='ocr_line' id='line_1_13' title="bbox 137 1385 427 1469; baseline -0.003 -22"><span class='ocrx_word' id='word_1_85' title='bbox 137 1385 427 1469; x_wconf 51' lang='lat' dir='ltr'>ddaammamm</span> 
     </span>
     <span class='ocr_line' id='line_1_14' title="bbox 222 1466 456 1551; baseline 0.013 -25"><span class='ocrx_word' id='word_1_86' title='bbox 222 1467 283 1544; x_wconf 70' lang='lat' dir='ltr'>3sz</span> <span class='ocrx_word' id='word_1_87' title='bbox 295 1466 361 1550; x_wconf 66' lang='lat' dir='ltr'>daiga</span> <span class='ocrx_word' id='word_1_88' title='bbox 374 1467 456 1551; x_wconf 62' lang='grc' dir='ltr'>διέσῃ.</span> 
     </span>
     <span class='ocr_line' id='line_1_15' title="bbox 221 1548 505 1629; baseline 0.007 -21"><span class='ocrx_word' id='word_1_89' title='bbox 221 1548 277 1629; x_wconf 68' lang='lat' dir='ltr'>iga,</span> <span class='ocrx_word' id='word_1_90' title='bbox 292 1556 338 1608; x_wconf 78' lang='grc' dir='ltr'>ιιιὶι</span> <span class='ocrx_word' id='word_1_91' title='bbox 353 1552 505 1628; x_wconf 63' lang='lat' dir='ltr'>respiraro-o</span> 
     </span>
    </p>

    <p class='ocr_par' dir='ltr' id='par_1_8' title="bbox 137 1629 443 1710">
     <span class='ocr_line' id='line_1_16' title="bbox 137 1629 443 1710; baseline 0.003 -21"><span class='ocrx_word' id='word_1_92' title='bbox 137 1629 204 1695; x_wconf 61' lang='lat' dir='ltr'>Inar</span> <span class='ocrx_word' id='word_1_93' title='bbox 217 1630 301 1710; x_wconf 65' lang='lat' dir='ltr'>oeglrrsr</span> <span class='ocrx_word' id='word_1_94' title='bbox 316 1634 350 1691; x_wconf 74' lang='lat' dir='ltr'>sd</span> <span class='ocrx_word' id='word_1_95' title='bbox 364 1636 443 1691; x_wconf 71' lang='lat' dir='ltr'>herrad</span> 
     </span>
    </p>

    <p class='ocr_par' dir='ltr' id='par_1_9' title="bbox 138 1707 454 1793">
     <span class='ocr_line' id='line_1_17' title="bbox 138 1707 454 1793; baseline 0.019 -26"><span class='ocrx_word' id='word_1_96' title='bbox 138 1707 213 1790; x_wconf 67' lang='lat' dir='ltr'>p‘o&#39;dste</span> <span class='ocrx_word' id='word_1_97' title='bbox 227 1713 298 1793; x_wconf 68' lang='lat' dir='ltr'>rogim</span> <span class='ocrx_word' id='word_1_98' title='bbox 312 1712 454 1773; x_wconf 70' lang='grc' dir='ltr'>πλακὲιτιι.</span> 
     </span>
    </p>
   </div>
   <div class='ocr_carea' id='block_1_4' title="bbox 89 1824 1189 2150">
    <p class='ocr_par' dir='ltr' id='par_1_10' title="bbox 89 1824 1189 2150">
     <span class='ocr_line' id='line_1_18' title="bbox 89 1824 1189 1907; baseline 0 -26"><span class='ocrx_word' id='word_1_99' title='bbox 89 1824 175 1882; x_wconf 79' lang='lat' dir='ltr'>[orum</span> <span class='ocrx_word' id='word_1_100' title='bbox 190 1843 324 1884; x_wconf 88' lang='lat' dir='ltr'>versuum</span> <span class='ocrx_word' id='word_1_101' title='bbox 339 1827 457 1905; x_wconf 86' lang='lat' dir='ltr'>qulntus</span> <span class='ocrx_word' id='word_1_102' title='bbox 477 1838 508 1886; x_wconf 89' lang='lat' dir='ltr'>et</span> <span class='ocrx_word' id='word_1_103' title='bbox 520 1839 621 1887; x_wconf 87' lang='lat' dir='ltr'>sextus</span> <span class='ocrx_word' id='word_1_104' title='bbox 636 1838 687 1886; x_wconf 85' lang='lat' dir='ltr'>aut</span> <span class='ocrx_word' id='word_1_105' title='bbox 700 1825 873 1907; x_wconf 77' lang='lat' dir='ltr'>primitivam</span> <span class='ocrx_word' id='word_1_106' title='bbox 893 1825 1002 1886; x_wconf 84' lang='lat' dir='ltr'>habent</span> <span class='ocrx_word' id='word_1_107' title='bbox 1017 1827 1189 1897; x_wconf 85' lang='lat' dir='ltr'>Anacreon·</span> 
     </span>
     <span class='ocr_line' id='line_1_19' title="bbox 89 1903 1189 1987; baseline -0.001 -24"><span class='ocrx_word' id='word_1_108' title='bbox 89 1922 178 1963; x_wconf 75' lang='lat' dir='ltr'>torum</span> <span class='ocrx_word' id='word_1_109' title='bbox 198 1906 329 1978; x_wconf 86' lang='lat' dir='ltr'>formam,</span> <span class='ocrx_word' id='word_1_110' title='bbox 350 1911 434 1987; x_wconf 86' lang='lat' dir='ltr'>¹cujus</span> <span class='ocrx_word' id='word_1_111' title='bbox 454 1909 593 1968; x_wconf 80' lang='lat' dir='ltr'>anaclasIs</span> <span class='ocrx_word' id='word_1_112' title='bbox 607 1909 637 1966; x_wconf 86' lang='lat' dir='ltr'>ln</span> <span class='ocrx_word' id='word_1_113' title='bbox 651 1907 765 1969; x_wconf 89' lang='lat' dir='ltr'>duobus</span> <span class='ocrx_word' id='word_1_114' title='bbox 779 1906 887 1967; x_wconf 83' lang='lat' dir='ltr'>ultimis</span> <span class='ocrx_word' id='word_1_115' title='bbox 900 1918 953 1981; x_wconf 90' lang='lat' dir='ltr'>est,</span> <span class='ocrx_word' id='word_1_116' title='bbox 968 1919 1019 1967; x_wconf 87' lang='lat' dir='ltr'>aut</span> <span class='ocrx_word' id='word_1_117' title='bbox 1035 1903 1189 1987; x_wconf 81' lang='lat' dir='ltr'>polysche·</span> 
     </span>
     <span class='ocr_line' id='line_1_20' title="bbox 89 1986 1186 2069; baseline 0 -25"><span class='ocrx_word' id='word_1_118' title='bbox 89 1986 241 2045; x_wconf 83' lang='lat' dir='ltr'>atistorum</span> <span class='ocrx_word' id='word_1_119' title='bbox 262 1987 328 2066; x_wconf 85' lang='lat' dir='ltr'>lege</span> <span class='ocrx_word' id='word_1_120' title='bbox 348 2008 386 2047; x_wconf 88' lang='lat' dir='ltr'>ex</span> <span class='ocrx_word' id='word_1_121' title='bbox 410 2010 446 2049; x_wconf 92' lang='lat' dir='ltr'>eo</span> <span class='ocrx_word' id='word_1_122' title='bbox 469 2009 587 2067; x_wconf 86' lang='lat' dir='ltr'>genere,</span> <span class='ocrx_word' id='word_1_123' title='bbox 612 1993 703 2069; x_wconf 85' lang='lat' dir='ltr'>cujus</span> <span class='ocrx_word' id='word_1_124' title='bbox 719 2001 788 2050; x_wconf 93' lang='lat' dir='ltr'>sunt</span> <span class='ocrx_word' id='word_1_125' title='bbox 807 1989 893 2067; x_wconf 90' lang='lat' dir='ltr'>primi</span> <span class='ocrx_word' id='word_1_126' title='bbox 917 1999 1058 2067; x_wconf 89' lang='lat' dir='ltr'>quattuor</span> <span class='ocrx_word' id='word_1_127' title='bbox 1077 2006 1186 2056; x_wconf 85' lang='lat' dir='ltr'>versus,</span> 
     </span>
     <span class='ocr_line' id='line_1_21' title="bbox 89 2066 1189 2150; baseline -0.002 -24"><span class='ocrx_word' id='word_1_128' title='bbox 89 2066 181 2127; x_wconf 85' lang='lat' dir='ltr'>educti</span> <span class='ocrx_word' id='word_1_129' title='bbox 195 2079 272 2127; x_wconf 83' lang='lat' dir='ltr'>sunt.</span> <span class='ocrx_word' id='word_1_130' title='bbox 312 2069 389 2129; x_wconf 92' lang='lat' dir='ltr'>Illud</span> <span class='ocrx_word' id='word_1_131' title='bbox 410 2072 511 2149; x_wconf 87' lang='lat' dir='ltr'>utique</span> <span class='ocrx_word' id='word_1_132' title='bbox 526 2070 654 2144; x_wconf 88' lang='lat' dir='ltr'>credam,</span> <span class='ocrx_word' id='word_1_133' title='bbox 677 2071 702 2129; x_wconf 89' lang='lat' dir='ltr'>si</span> <span class='ocrx_word' id='word_1_134' title='bbox 724 2072 821 2150; x_wconf 86' lang='lat' dir='ltr'>plures</span> <span class='ocrx_word' id='word_1_135' title='bbox 844 2067 976 2148; x_wconf 76' lang='lat' dir='ltr'>strophas</span> <span class='ocrx_word' id='word_1_136' title='bbox 998 2070 1056 2128; x_wconf 88' lang='lat' dir='ltr'>hoc</span> <span class='ocrx_word' id='word_1_137' title='bbox 1070 2087 1189 2128; x_wconf 85' lang='lat' dir='ltr'>carmen</span> 
     </span>
    </p>
   </div>
   <div class='ocr_carea' id='block_1_5' title="bbox 89 2142 1290 2232">
    <p class='ocr_par' dir='ltr' id='par_1_11' title="bbox 89 2142 1290 2232">
     <span class='ocr_line' id='line_1_22' title="bbox 89 2142 1290 2232; baseline -0.001 -24"><span class='ocrx_word' id='word_1_138' title='bbox 89 2148 171 2220; x_wconf 82' lang='lat' dir='ltr'>tbuit,</span> <span class='ocrx_word' id='word_1_139' title='bbox 194 2168 293 2209; x_wconf 87' lang='lat' dir='ltr'>omnes</span> <span class='ocrx_word' id='word_1_140' title='bbox 315 2151 416 2210; x_wconf 89' lang='lat' dir='ltr'>eadem</span> <span class='ocrx_word' id='word_1_141' title='bbox 438 2154 503 2231; x_wconf 82' lang='lat' dir='ltr'>lege</span> <span class='ocrx_word' id='word_1_142' title='bbox 528 2153 700 2232; x_wconf 85' lang='lat' dir='ltr'>compositas</span> <span class='ocrx_word' id='word_1_143' title='bbox 723 2152 820 2211; x_wconf 87' lang='lat' dir='ltr'>fuisse.</span> <span class='ocrx_word' id='word_1_144' title='bbox 863 2150 991 2212; x_wconf 78' lang='lat' dir='ltr'>carmini</span> <span class='ocrx_word' id='word_1_145' title='bbox 1011 2142 1080 2209; x_wconf 84' lang='lat' dir='ltr'>vero</span> <span class='ocrx_word' id='word_1_146' title='bbox 1101 2147 1210 2209; x_wconf 88' lang='lat' dir='ltr'>XIII..</span> <span class='ocrx_word' id='word_1_147' title='bbox 1288 2189 1290 2193; x_wconf 26' lang='lat' dir='ltr'><em>r</em></span> 
     </span>
    </p>
   </div>
   <div class='ocr_carea' id='block_1_6' title="bbox 89 2231 1252 2720">
    <p class='ocr_par' dir='ltr' id='par_1_12' title="bbox 89 2231 1252 2469">
     <span class='ocr_line' id='line_1_23' title="bbox 89 2231 1252 2312; baseline 0.001 -24"><span class='ocrx_word' id='word_1_148' title='bbox 89 2249 162 2289; x_wconf 79' lang='lat' dir='ltr'>rreor</span> <span class='ocrx_word' id='word_1_149' title='bbox 185 2250 223 2290; x_wconf 91' lang='lat' dir='ltr'>ne</span> <span class='ocrx_word' id='word_1_150' title='bbox 248 2232 307 2292; x_wconf 91' lang='lat' dir='ltr'>duo</span> <span class='ocrx_word' id='word_1_151' title='bbox 331 2235 468 2310; x_wconf 84' lang='lat' dir='ltr'>postremi</span> <span class='ocrx_word' id='word_1_152' title='bbox 490 2253 589 2293; x_wconf 78' lang='lat' dir='ltr'>versus</span> <span class='ocrx_word' id='word_1_153' title='bbox 611 2234 728 2294; x_wconf 86' lang='lat' dir='ltr'>aliunde</span> <span class='ocrx_word' id='word_1_154' title='bbox 752 2232 848 2293; x_wconf 89' lang='lat' dir='ltr'>additi</span> <span class='ocrx_word' id='word_1_155' title='bbox 865 2232 932 2305; x_wconf 86' lang='lat' dir='ltr'>sint,</span> <span class='ocrx_word' id='word_1_156' title='bbox 948 2235 1030 2312; x_wconf 75' lang='lat' dir='ltr'>cujus</span> <span class='ocrx_word' id='word_1_157' title='bbox 1043 2232 1085 2292; x_wconf 87' lang='lat' dir='ltr'>rei</span> <span class='ocrx_word' id='word_1_158' title='bbox 1100 2231 1188 2290; x_wconf 89' lang='lat' dir='ltr'>etiam</span> <span class='ocrx_word' id='word_1_159' title='bbox 1248 2231 1252 2237; x_wconf 85' lang='lat'>&#39;</span> 
     </span>
     <span class='ocr_line' id='line_1_24' title="bbox 89 2310 1240 2398; baseline 0.004 -33"><span class='ocrx_word' id='word_1_160' title='bbox 89 2311 203 2371; x_wconf 79' lang='lat' dir='ltr'>alectus</span> <span class='ocrx_word' id='word_1_161' title='bbox 216 2310 287 2371; x_wconf 82' lang='lat' dir='ltr'>facit</span> <span class='ocrx_word' id='word_1_162' title='bbox 308 2313 456 2373; x_wconf 88' lang='lat' dir='ltr'>indicium.</span> <span class='ocrx_word' id='word_1_163' title='bbox 500 2315 638 2375; x_wconf 89' lang='lat' dir='ltr'>Brunckii</span> <span class='ocrx_word' id='word_1_164' title='bbox 652 2327 732 2376; x_wconf 87' lang='lat' dir='ltr'>certe</span> <span class='ocrx_word' id='word_1_165' title='bbox 753 2314 910 2388; x_wconf 87' lang='lat' dir='ltr'>correctio,</span> <span class='ocrx_word' id='word_1_166' title='bbox 932 2334 997 2394; x_wconf 90' lang='lat' dir='ltr'>quse</span> <span class='ocrx_word' id='word_1_167' title='bbox 1018 2312 1189 2398; x_wconf 83' lang='lat' dir='ltr'>dlayllaham</span> <span class='ocrx_word' id='word_1_168' title='bbox 1238 2314 1240 2319; x_wconf 86' lang='lat'>&#39;</span> 
     </span>
     <span class='ocr_line' id='line_1_25' title="bbox 89 2393 827 2469; baseline 0.009 -18"><span class='ocrx_word' id='word_1_169' title='bbox 89 2394 216 2452; x_wconf 79' lang='lat' dir='ltr'>racmsm</span> <span class='ocrx_word' id='word_1_170' title='bbox 228 2393 327 2468; x_wconf 82' lang='lat' dir='ltr'>infert,</span> <span class='ocrx_word' id='word_1_171' title='bbox 341 2395 377 2453; x_wconf 82' lang='lat' dir='ltr'>ab</span> <span class='ocrx_word' id='word_1_172' title='bbox 391 2395 447 2455; x_wconf 88' lang='lat' dir='ltr'>hac</span> <span class='ocrx_word' id='word_1_173' title='bbox 461 2397 653 2469; x_wconf 16' lang='lat' dir='ltr'>metristforma</span> <span class='ocrx_word' id='word_1_174' title='bbox 666 2398 759 2459; x_wconf 84' lang='lat' dir='ltr'>aliena</span> <span class='ocrx_word' id='word_1_175' title='bbox 772 2409 827 2458; x_wconf 91' lang='lat' dir='ltr'>est.</span> 
     </span>
    </p>

    <p class='ocr_par' dir='ltr' id='par_1_13' title="bbox 89 2474 1188 2720">
     <span class='ocr_line' id='line_1_26' title="bbox 102 2474 1187 2558; baseline -0.005 -22"><span class='ocrx_word' id='word_1_176' title='bbox 102 2480 151 2536; x_wconf 89' lang='lat'>10.</span> <span class='ocrx_word' id='word_1_177' title='bbox 171 2474 285 2548; x_wconf 78' lang='lat' dir='ltr'>Hoecsi</span> <span class='ocrx_word' id='word_1_178' title='bbox 299 2487 379 2535; x_wconf 91' lang='lat' dir='ltr'>recte</span> <span class='ocrx_word' id='word_1_179' title='bbox 392 2476 610 2557; x_wconf 83' lang='lat' dir='ltr'>disputavimus,</span> <span class='ocrx_word' id='word_1_180' title='bbox 635 2497 817 2558; x_wconf 89' lang='lat' dir='ltr'>consequens</span> <span class='ocrx_word' id='word_1_181' title='bbox 831 2489 885 2548; x_wconf 89' lang='lat' dir='ltr'>est,</span> <span class='ocrx_word' id='word_1_182' title='bbox 901 2497 1000 2537; x_wconf 82' lang='lat' dir='ltr'>versus</span> <span class='ocrx_word' id='word_1_183' title='bbox 1016 2479 1187 2557; x_wconf 55' lang='lat' dir='ltr'>Anacreonf</span> 
     </span>
     <span class='ocr_line' id='line_1_27' title="bbox 89 2555 1188 2637; baseline 0 -23"><span class='ocrx_word' id='word_1_184' title='bbox 89 2574 133 2628; x_wconf 87' lang='lat' dir='ltr'>os,</span> <span class='ocrx_word' id='word_1_185' title='bbox 149 2556 199 2634; x_wconf 91' lang='lat' dir='ltr'>qui</span> <span class='ocrx_word' id='word_1_186' title='bbox 219 2558 444 2637; x_wconf 73' lang='lat' dir='ltr'>monosyllabum</span> <span class='ocrx_word' id='word_1_187' title='bbox 470 2564 623 2619; x_wconf 78' lang='lat' dir='ltr'>anacrusIn</span> <span class='ocrx_word' id='word_1_188' title='bbox 642 2561 761 2632; x_wconf 88' lang='lat' dir='ltr'>habent,</span> <span class='ocrx_word' id='word_1_189' title='bbox 786 2561 858 2620; x_wconf 88' lang='lat' dir='ltr'>duae</span> <span class='ocrx_word' id='word_1_190' title='bbox 882 2570 995 2620; x_wconf 85' lang='lat' dir='ltr'>tantum</span> <span class='ocrx_word' id='word_1_191' title='bbox 1016 2558 1122 2616; x_wconf 82' lang='lat' dir='ltr'>formas</span> <span class='ocrx_word' id='word_1_192' title='bbox 1137 2555 1188 2614; x_wconf 89' lang='lat' dir='ltr'>ad·</span> 
     </span>
     <span class='ocr_line' id='line_1_28' title="bbox 89 2635 584 2720; baseline 0.012 -26"><span class='ocrx_word' id='word_1_193' title='bbox 89 2635 186 2710; x_wconf 86' lang='lat' dir='ltr'>ittere,</span> <span class='ocrx_word' id='word_1_194' title='bbox 202 2640 299 2711; x_wconf 72' lang='lat' dir='ltr'>unam,</span> <span class='ocrx_word' id='word_1_195' title='bbox 320 2659 385 2720; x_wconf 85' lang='lat' dir='ltr'>quae</span> <span class='ocrx_word' id='word_1_196' title='bbox 397 2641 516 2720; x_wconf 88' lang='lat' dir='ltr'>propria</span> <span class='ocrx_word' id='word_1_197' title='bbox 529 2653 584 2714; x_wconf 90' lang='lat' dir='ltr'>est,</span> 
     </span>
    </p>
   </div>
   <div class='ocr_carea' id='block_1_7' title="bbox 89 2815 757 3041">
    <p class='ocr_par' dir='ltr' id='par_1_14' title="bbox 89 2815 757 3041">
     <span class='ocr_line' id='line_1_29' title="bbox 136 2815 424 2882; baseline 0 -3"><span class='ocrx_word' id='word_1_198' title='bbox 136 2842 158 2879; x_wconf 74' lang='lat' dir='ltr'><em>v</em></span> <span class='ocrx_word' id='word_1_199' title='bbox 165 2815 206 2876; x_wconf 83' lang='grc'>.’..</span> <span class='ocrx_word' id='word_1_200' title='bbox 216 2816 257 2878; x_wconf 91' lang='grc'><em>.’..</em></span> <span class='ocrx_word' id='word_1_201' title='bbox 268 2850 291 2881; x_wconf 80' lang='grc' dir='ltr'><strong><em>υ</em></strong></span> <span class='ocrx_word' id='word_1_202' title='bbox 301 2850 324 2882; x_wconf 82' lang='grc' dir='ltr'><strong>υ</strong></span> <span class='ocrx_word' id='word_1_203' title='bbox 332 2817 373 2879; x_wconf 86' lang='grc'>.’-</span> <span class='ocrx_word' id='word_1_204' title='bbox 383 2818 424 2879; x_wconf 87' lang='grc'>.’-</span> 
     </span>
     <span class='ocr_line' id='line_1_30' title="bbox 89 2947 757 3041; baseline 0.01 -35"><span class='ocrx_word' id='word_1_205' title='bbox 89 2953 192 3019; x_wconf 84' lang='lat' dir='ltr'>teram,</span> <span class='ocrx_word' id='word_1_206' title='bbox 207 2947 324 3027; x_wconf 86' lang='lat' dir='ltr'>dactylo</span> <span class='ocrx_word' id='word_1_207' title='bbox 338 2948 369 3007; x_wconf 92' lang='lat' dir='ltr'>in</span> <span class='ocrx_word' id='word_1_208' title='bbox 383 2950 622 3041; x_wconf 78' lang='lat' dir='ltr'>amphibrachum</span> <span class='ocrx_word' id='word_1_209' title='bbox 635 2963 757 3028; x_wconf 86' lang='lat' dir='ltr'>mutato,</span> 
     </span>
    </p>
   </div>
   <div class='ocr_carea' id='block_1_8' title="bbox 137 3106 431 3146">
    <p class='ocr_par' dir='ltr' id='par_1_15' title="bbox 137 3106 431 3146">
     <span class='ocr_line' id='line_1_31' title="bbox 137 3106 431 3146; baseline 0.007 -4"><span class='ocrx_word' id='word_1_210' title='bbox 137 3106 431 3146; x_wconf 75' lang='grc' dir='ltr'><strong>ῦ-υ--υ--</strong></span> 
     </span>
    </p>
   </div>
   <div class='ocr_carea' id='block_1_9' title="bbox 88 3211 1262 3786">
    <p class='ocr_par' dir='ltr' id='par_1_16' title="bbox 88 3211 1262 3786">
     <span class='ocr_line' id='line_1_32' title="bbox 89 3211 1262 3292; baseline 0.006 -22"><span class='ocrx_word' id='word_1_211' title='bbox 89 3211 142 3273; x_wconf 78' lang='lat' dir='ltr'>rior</span> <span class='ocrx_word' id='word_1_212' title='bbox 155 3211 215 3285; x_wconf 93' lang='lat' dir='ltr'>illa,</span> <span class='ocrx_word' id='word_1_213' title='bbox 231 3232 296 3292; x_wconf 85' lang='lat' dir='ltr'>quae</span> <span class='ocrx_word' id='word_1_214' title='bbox 309 3214 453 3276; x_wconf 85' lang='lat' dir='ltr'>simillime</span> <span class='ocrx_word' id='word_1_215' title='bbox 466 3225 511 3277; x_wconf 86' lang='lat' dir='ltr'>est</span> <span class='ocrx_word' id='word_1_216' title='bbox 531 3218 626 3276; x_wconf 86' lang='lat' dir='ltr'>versui</span> <span class='ocrx_word' id='word_1_217' title='bbox 638 3217 846 3288; x_wconf 69' lang='lat' dir='ltr'>Pherecrates»,</span> <span class='ocrx_word' id='word_1_218' title='bbox 871 3234 933 3276; x_wconf 90' lang='lat' dir='ltr'>uno</span> <span class='ocrx_word' id='word_1_219' title='bbox 951 3225 1066 3276; x_wconf 87' lang='lat' dir='ltr'>tantum</span> <span class='ocrx_word' id='word_1_220' title='bbox 1080 3216 1111 3275; x_wconf 88' lang='lat' dir='ltr'>iu</span> <span class='ocrx_word' id='word_1_221' title='bbox 1124 3234 1187 3277; x_wconf 85' lang='lat' dir='ltr'>car·</span> <span class='ocrx_word' id='word_1_222' title='bbox 1258 3262 1262 3269; x_wconf 80' lang='lat'><em>,</em></span> 
     </span>
     <span class='ocr_line' id='line_1_33' title="bbox 88 3287 1188 3377; baseline 0.004 -25"><span class='ocrx_word' id='word_1_223' title='bbox 88 3287 146 3365; x_wconf 80' lang='lat' dir='ltr'>ine,</span> <span class='ocrx_word' id='word_1_224' title='bbox 163 3294 244 3372; x_wconf 89' lang='lat' dir='ltr'>quod</span> <span class='ocrx_word' id='word_1_225' title='bbox 257 3306 302 3354; x_wconf 85' lang='lat' dir='ltr'>est</span> <span class='ocrx_word' id='word_1_226' title='bbox 316 3296 413 3358; x_wconf 88' lang='lat' dir='ltr'>XXX.</span> <span class='ocrx_word' id='word_1_227' title='bbox 426 3296 597 3357; x_wconf 80' lang='lat' dir='ltr'>¹constanter</span> <span class='ocrx_word' id='word_1_228' title='bbox 622 3309 758 3377; x_wconf 84' lang='lat' dir='ltr'>usurpata</span> <span class='ocrx_word' id='word_1_229' title='bbox 780 3298 936 3370; x_wconf 87' lang='lat' dir='ltr'>invenitur,</span> <span class='ocrx_word' id='word_1_230' title='bbox 957 3297 988 3355; x_wconf 90' lang='lat' dir='ltr'>in</span> <span class='ocrx_word' id='word_1_231' title='bbox 1008 3295 1070 3356; x_wconf 84' lang='lat' dir='ltr'>aliis</span> <span class='ocrx_word' id='word_1_232' title='bbox 1088 3307 1188 3357; x_wconf 88' lang='lat' dir='ltr'>autem</span> 
     </span>
     <span class='ocr_line' id='line_1_34' title="bbox 89 3369 1187 3458; baseline 0.001 -23"><span class='ocrx_word' id='word_1_233' title='bbox 89 3369 233 3452; x_wconf 71' lang='lat' dir='ltr'>hrriecetur</span> <span class='ocrx_word' id='word_1_234' title='bbox 244 3376 327 3436; x_wconf 91' lang='lat' dir='ltr'>alteri</span> <span class='ocrx_word' id='word_1_235' title='bbox 339 3377 450 3451; x_wconf 84' lang='lat' dir='ltr'>formae,</span> <span class='ocrx_word' id='word_1_236' title='bbox 463 3399 527 3458; x_wconf 90' lang='lat' dir='ltr'>quae</span> <span class='ocrx_word' id='word_1_237' title='bbox 537 3380 624 3457; x_wconf 85' lang='lat' dir='ltr'>longe</span> <span class='ocrx_word' id='word_1_238' title='bbox 634 3392 678 3439; x_wconf 87' lang='lat' dir='ltr'>est</span> <span class='ocrx_word' id='word_1_239' title='bbox 689 3379 829 3439; x_wconf 82' lang='lat' dir='ltr'>usitatior.</span> <span class='ocrx_word' id='word_1_240' title='bbox 852 3377 957 3437; x_wconf 85' lang='lat' dir='ltr'>Differt</span> <span class='ocrx_word' id='word_1_241' title='bbox 968 3388 1066 3438; x_wconf 90' lang='lat' dir='ltr'>autem</span> <span class='ocrx_word' id='word_1_242' title='bbox 1074 3396 1093 3437; x_wconf 89' lang='lat' dir='ltr'>a</span> <span class='ocrx_word' id='word_1_243' title='bbox 1101 3396 1187 3437; x_wconf 88' lang='lat' dir='ltr'>versu</span> 
     </span>
     <span class='ocr_line' id='line_1_35' title="bbox 89 3449 1186 3539; baseline 0.003 -27"><span class='ocrx_word' id='word_1_244' title='bbox 89 3449 257 3519; x_wconf 83' lang='lat' dir='ltr'>herecrateo</span> <span class='ocrx_word' id='word_1_245' title='bbox 270 3477 306 3517; x_wconf 89' lang='lat' dir='ltr'>ea</span> <span class='ocrx_word' id='word_1_246' title='bbox 319 3479 361 3530; x_wconf 92' lang='lat' dir='ltr'>re,</span> <span class='ocrx_word' id='word_1_247' title='bbox 376 3461 455 3538; x_wconf 92' lang='lat' dir='ltr'>quod</span> <span class='ocrx_word' id='word_1_248' title='bbox 468 3481 527 3520; x_wconf 90' lang='lat' dir='ltr'>non</span> <span class='ocrx_word' id='word_1_249' title='bbox 541 3461 595 3520; x_wconf 90' lang='lat' dir='ltr'>nisi</span> <span class='ocrx_word' id='word_1_250' title='bbox 611 3462 647 3521; x_wconf 87' lang='lat' dir='ltr'>ab</span> <span class='ocrx_word' id='word_1_251' title='bbox 671 3462 767 3521; x_wconf 89' lang='lat' dir='ltr'>iambo</span> <span class='ocrx_word' id='word_1_252' title='bbox 788 3460 835 3521; x_wconf 88' lang='lat' dir='ltr'>vel</span> <span class='ocrx_word' id='word_1_253' title='bbox 858 3458 988 3539; x_wconf 89' lang='lat' dir='ltr'>spondeo</span> <span class='ocrx_word' id='word_1_254' title='bbox 1004 3468 1101 3537; x_wconf 90' lang='lat' dir='ltr'>potest</span> <span class='ocrx_word' id='word_1_255' title='bbox 1114 3457 1186 3518; x_wconf 89' lang='lat' dir='ltr'>iuci-</span> 
     </span>
     <span class='ocr_line' id='line_1_36' title="bbox 89 3537 1185 3620; baseline 0.006 -27"><span class='ocrx_word' id='word_1_256' title='bbox 89 3549 136 3609; x_wconf 75' lang='lat' dir='ltr'>rre,</span> <span class='ocrx_word' id='word_1_257' title='bbox 153 3548 244 3616; x_wconf 84' lang='lat' dir='ltr'>quum</span> <span class='ocrx_word' id='word_1_258' title='bbox 259 3539 319 3613; x_wconf 88' lang='lat' dir='ltr'>hic,</span> <span class='ocrx_word' id='word_1_259' title='bbox 332 3551 367 3600; x_wconf 90' lang='lat' dir='ltr'>ut</span> <span class='ocrx_word' id='word_1_260' title='bbox 383 3542 433 3620; x_wconf 91' lang='lat' dir='ltr'>qui</span> <span class='ocrx_word' id='word_1_261' title='bbox 446 3543 528 3607; x_wconf 81' lang='lat' dir='ltr'>basin</span> <span class='ocrx_word' id='word_1_262' title='bbox 542 3545 572 3600; x_wconf 89' lang='lat' dir='ltr'>in</span> <span class='ocrx_word' id='word_1_263' title='bbox 585 3543 668 3603; x_wconf 89' lang='lat' dir='ltr'>iuitio</span> <span class='ocrx_word' id='word_1_264' title='bbox 684 3543 800 3613; x_wconf 86' lang='lat' dir='ltr'>habeat,</span> <span class='ocrx_word' id='word_1_265' title='bbox 816 3541 903 3601; x_wconf 84' lang='lat' dir='ltr'>etiem</span> <span class='ocrx_word' id='word_1_266' title='bbox 916 3559 934 3600; x_wconf 87' lang='lat' dir='ltr'>a</span> <span class='ocrx_word' id='word_1_267' title='bbox 948 3540 1078 3599; x_wconf 83' lang='lat' dir='ltr'>trochaeo</span> <span class='ocrx_word' id='word_1_268' title='bbox 1090 3537 1185 3600; x_wconf 89' lang='lat' dir='ltr'>ordia·</span> 
     </span>
     <span class='ocr_line' id='line_1_37' title="bbox 90 3619 1203 3684; baseline 0.001 -8"><span class='ocrx_word' id='word_1_269' title='bbox 90 3630 114 3679; x_wconf 74' lang='lat' dir='ltr'>r.</span> <span class='ocrx_word' id='word_1_270' title='bbox 157 3620 310 3679; x_wconf 87' lang='lat' dir='ltr'>Invenitur</span> <span class='ocrx_word' id='word_1_271' title='bbox 323 3621 386 3681; x_wconf 88' lang='lat' dir='ltr'>haec</span> <span class='ocrx_word' id='word_1_272' title='bbox 401 3624 502 3682; x_wconf 81' lang='lat' dir='ltr'>Ionica</span> <span class='ocrx_word' id='word_1_273' title='bbox 516 3629 615 3684; x_wconf 77' lang='lat' dir='ltr'>versus</span> <span class='ocrx_word' id='word_1_274' title='bbox 629 3622 812 3684; x_wconf 83' lang='lat' dir='ltr'>Anacreonti</span> <span class='ocrx_word' id='word_1_275' title='bbox 824 3623 919 3683; x_wconf 84' lang='lat' dir='ltr'>forma</span> <span class='ocrx_word' id='word_1_276' title='bbox 941 3621 971 3680; x_wconf 92' lang='lat' dir='ltr'>in</span> <span class='ocrx_word' id='word_1_277' title='bbox 992 3621 1037 3680; x_wconf 87' lang='lat' dir='ltr'>his</span> <span class='ocrx_word' id='word_1_278' title='bbox 1052 3619 1185 3682; x_wconf 86' lang='lat' dir='ltr'>carmini-</span> <span class='ocrx_word' id='word_1_279' title='bbox 1200 3631 1203 3638; x_wconf 93' lang='grc'><strong>’</strong></span> 
     </span>
     <span class='ocr_line' id='line_1_38' title="bbox 89 3701 1048 3786; baseline 0.006 -30"><span class='ocrx_word' id='word_1_280' title='bbox 89 3710 123 3758; x_wconf 79' lang='lat' dir='ltr'>a:</span> <span class='ocrx_word' id='word_1_281' title='bbox 143 3701 262 3760; x_wconf 89' lang='lat' dir='ltr'>XXIII.</span> <span class='ocrx_word' id='word_1_282' title='bbox 277 3703 388 3762; x_wconf 88' lang='lat' dir='ltr'>XXVI.</span> <span class='ocrx_word' id='word_1_283' title='bbox 402 3705 529 3765; x_wconf 90' lang='lat' dir='ltr'>XXVII.</span> <span class='ocrx_word' id='word_1_284' title='bbox 570 3706 647 3786; x_wconf 83' lang='lat' dir='ltr'>Nam</span> <span class='ocrx_word' id='word_1_285' title='bbox 662 3706 773 3766; x_wconf 92' lang='lat' dir='ltr'>XXVI.</span> <span class='ocrx_word' id='word_1_286' title='bbox 800 3713 826 3767; x_wconf 93' lang='lat' dir='ltr'>l.</span> <span class='ocrx_word' id='word_1_287' title='bbox 841 3704 919 3784; x_wconf 90' lang='lat' dir='ltr'>quod</span> <span class='ocrx_word' id='word_1_288' title='bbox 932 3703 1048 3784; x_wconf 85' lang='lat' dir='ltr'>legitur,</span> 
     </span>
    </p>
   </div>
   <div class='ocr_carea' id='block_1_10' title="bbox 89 3816 1185 4092">
    <p class='ocr_par' dir='ltr' id='par_1_17' title="bbox 89 3816 1185 4092">
     <span class='ocr_line' id='line_1_39' title="bbox 102 3816 453 3900; baseline 0.011 -25"><span class='ocrx_word' id='word_1_289' title='bbox 102 3822 105 3831; x_wconf 62' lang='lat'><strong>¹</strong></span> <span class='ocrx_word' id='word_1_290' title='bbox 132 3816 195 3876; x_wconf 71' lang='lat' dir='ltr'>dm</span> <span class='ocrx_word' id='word_1_291' title='bbox 209 3819 221 3876; x_wconf 77' lang='lat' dir='ltr'>d</span> <span class='ocrx_word' id='word_1_292' title='bbox 237 3818 342 3895; x_wconf 66' lang='grc' dir='ltr'><strong><em>Βίκχος</em></strong></span> <span class='ocrx_word' id='word_1_293' title='bbox 356 3818 453 3900; x_wconf 61' lang='lat' dir='ltr'>imaip,</span> 
     </span>
     <span class='ocr_line' id='line_1_40' title="bbox 89 3922 1185 4009; baseline 0.008 -23"><span class='ocrx_word' id='word_1_294' title='bbox 89 3926 111 3986; x_wconf 75' lang='lat' dir='ltr'>ti</span> <span class='ocrx_word' id='word_1_295' title='bbox 124 3929 246 3989; x_wconf 87' lang='lat' dir='ltr'>defendi</span> <span class='ocrx_word' id='word_1_296' title='bbox 259 3943 357 4009; x_wconf 87' lang='lat' dir='ltr'>posset</span> <span class='ocrx_word' id='word_1_297' title='bbox 371 3933 425 3992; x_wconf 85' lang='lat' dir='ltr'>ista</span> <span class='ocrx_word' id='word_1_298' title='bbox 439 3933 553 4005; x_wconf 87' lang='lat' dir='ltr'>solutio,</span> <span class='ocrx_word' id='word_1_299' title='bbox 571 3922 667 3994; x_wconf 83' lang='lat' dir='ltr'>tamen</span> <span class='ocrx_word' id='word_1_300' title='bbox 685 3935 727 3996; x_wconf 88' lang='lat' dir='ltr'>ita</span> <span class='ocrx_word' id='word_1_301' title='bbox 739 3935 892 3996; x_wconf 85' lang='lat' dir='ltr'>invenusta</span> <span class='ocrx_word' id='word_1_302' title='bbox 904 3945 959 4008; x_wconf 87' lang='lat' dir='ltr'>est,</span> <span class='ocrx_word' id='word_1_303' title='bbox 981 3944 1087 3995; x_wconf 87' lang='lat' dir='ltr'>utnon</span> <span class='ocrx_word' id='word_1_304' title='bbox 1101 3932 1185 3995; x_wconf 89' lang='lat' dir='ltr'>dubi·</span> 
     </span>
     <span class='ocr_line' id='line_1_41' title="bbox 89 4010 703 4092; baseline 0.011 -22"><span class='ocrx_word' id='word_1_305' title='bbox 89 4011 179 4071; x_wconf 79' lang='lat' dir='ltr'>ndum</span> <span class='ocrx_word' id='word_1_306' title='bbox 193 4010 326 4070; x_wconf 82' lang='lat' dir='ltr'>videatur</span> <span class='ocrx_word' id='word_1_307' title='bbox 340 4012 377 4072; x_wconf 94' lang='lat' dir='ltr'>de</span> <span class='ocrx_word' id='word_1_308' title='bbox 391 4015 555 4092; x_wconf 83' lang='lat' dir='ltr'>abjiciendo</span> <span class='ocrx_word' id='word_1_309' title='bbox 569 4016 703 4077; x_wconf 78' lang='lat' dir='ltr'>articulo.</span> 
     </span>
    </p>
   </div>
   <div class='ocr_carea' id='block_1_11' title="bbox 89 4087 1186 4253">
    <p class='ocr_par' dir='ltr' id='par_1_18' title="bbox 89 4087 1186 4253">
     <span class='ocr_line' id='line_1_42' title="bbox 94 4087 1186 4178; baseline 0.008 -28"><span class='ocrx_word' id='word_1_310' title='bbox 94 4093 142 4154; x_wconf 87' lang='lat' dir='ltr'>ll.</span> <span class='ocrx_word' id='word_1_311' title='bbox 159 4093 299 4172; x_wconf 90' lang='lat' dir='ltr'>Sequitur</span> <span class='ocrx_word' id='word_1_312' title='bbox 313 4097 472 4155; x_wconf 88' lang='lat' dir='ltr'>secundum</span> <span class='ocrx_word' id='word_1_313' title='bbox 486 4117 578 4178; x_wconf 84' lang='lat' dir='ltr'>genus</span> <span class='ocrx_word' id='word_1_314' title='bbox 588 4087 723 4159; x_wconf 81' lang='lat' dir='ltr'>versuum</span> <span class='ocrx_word' id='word_1_315' title='bbox 736 4100 1017 4174; x_wconf 74' lang='lat' dir='ltr'>Anacreonteum,</span> <span class='ocrx_word' id='word_1_316' title='bbox 1029 4098 1108 4178; x_wconf 83' lang='lat' dir='ltr'>quod</span> <span class='ocrx_word' id='word_1_317' title='bbox 1116 4112 1186 4159; x_wconf 82' lang='lat' dir='ltr'>ana·</span> 
     </span>
     <span class='ocr_line' id='line_1_43' title="bbox 89 4174 463 4253; baseline 0.016 -19"><span class='ocrx_word' id='word_1_318' title='bbox 89 4175 150 4234; x_wconf 80' lang='lat' dir='ltr'>mn</span> <span class='ocrx_word' id='word_1_319' title='bbox 173 4174 344 4253; x_wconf 73' lang='lat' dir='ltr'>arsyrumm</span> <span class='ocrx_word' id='word_1_320' title='bbox 357 4176 463 4240; x_wconf 83' lang='lat' dir='ltr'>habet:</span> 
     </span>
    </p>
   </div>
   <div class='ocr_carea' id='block_1_12' title="bbox 130 4306 372 4389">
    <p class='ocr_par' dir='ltr' id='par_1_19' title="bbox 130 4306 372 4389">
     <span class='ocr_line' id='line_1_44' title="bbox 130 4306 372 4389; baseline 0.012 -34"><span class='ocrx_word' id='word_1_321' title='bbox 130 4306 372 4389; x_wconf 50' lang='lat' dir='ltr'>yusssswussss</span> 
     </span>
    </p>
   </div>
   <div class='ocr_carea' id='block_1_13' title="bbox 131 4422 369 4480">
    <p class='ocr_par' dir='ltr' id='par_1_20' title="bbox 131 4422 369 4480">
     <span class='ocr_line' id='line_1_45' title="bbox 131 4422 369 4480; baseline 0 -5"><span class='ocrx_word' id='word_1_322' title='bbox 131 4422 369 4480; x_wconf 61' lang='grc' dir='ltr'>υυὲυὲυὲὲ</span> 
     </span>
    </p>
   </div>
   <div class='ocr_carea' id='block_1_14' title="bbox 0 0 1352 4866">
    <p class='ocr_par' dir='ltr' id='par_1_21' title="bbox 0 0 1352 4866">
     <span class='ocr_line' id='line_1_46' title="bbox 0 0 1352 4866; baseline 0 0"><span class='ocrx_word' id='word_1_323' title='bbox 0 0 1352 4866; x_wconf 95' lang='lat' dir='ltr'> </span> 
     </span>
    </p>
   </div>
  </div>
 </body>
</html>
