2694 4866
468 639 572 701 VIRO
594 633 794 699 ILLUSTRI
872 644 876 651 ¹

208 921 215 929 -
261 882 561 972 HENRICO
602 853 1008 977 sauriniano„

551 1131 697 1180 1.v.1>.
751 1198 753 1206 Ι

186 1339 317 1383 DOMINO
334 1337 495 1382 trunsum
508 1339 819 1412 unosszscrrocmtltt
834 1340 877 1382 ΒΤ
891 1338 1077 1382 winnonrn

56 1457 202 1504 foturis.
212 1453 292 1500 REGI
304 1455 378 1498 SAX·
389 1455 412 1497 A
424 1455 586 1500 CONSILIIS
598 1435 1205 1502 surarumcunrfflcrvrr.u1rs.AE1>11.1

284 1574 326 1617 BT
340 1566 575 1618 ammonitem
589 1576 785 1619 SENATORIAE
800 1572 977 1618 PRAEI‘ECTO
1039 1634 1040 1638 Ἰ

579 1791 734 1838 sn...

261 1938 628 2015 GODOFREDUS
650 1941 999 2013 -HEBMANNUS.

526 2251 727 2278 mum

59 2469 155 2550 Non
175 2500 356 2570 putaveram,
378 2473 577 2562 Baifrrnrnr,
592 2490 637 2551 vir
648 2489 779 2566 illustris,
794 2491 880 2552 citius
893 2490 977 2564 mihi,
990 2507 1078 2569 quam
1089 2485 1203 2548 consti

57 2599 178 2673 tueram
190 2589 374 2666 redeundum
387 2611 452 2653 esse
465 2592 504 2652 ad
517 2574 746 2676 explicationem
760 2591 912 2660 doctrine,
928 2592 1015 2668 cnjus
1029 2580 1203 2648 lirndsmen-

57 2697 92 2747 ta
104 2688 210 2768 viginti
223 2690 330 2752 abhinc
343 2693 427 2752 annis
437 2691 507 2774 jeci,
519 2690 642 2772 juvenili
655 2690 775 2771 quidem
788 2690 967 2763 rudimento,
981 2709 1083 2750 verum
1095 2701 1203 2750 utnon

57 2787 232 2874 poenituerit
250 2801 359 2852 tamen.
386 2791 593 2871 ⁸speraveram
613 2791 693 2852 enim
711 2786 786 2865 fore',
806 2802 842 2851 ut
863 2793 1023 2870 conjuncta
1043 2789 1204 2849 multorum

58 2905 153 2964 opera
165 2906 205 2947 ex
223 2889 349 2950 scenicis
369 2890 545 2951 Graecorum
566 2893 827 2969 Romanorumque
847 2890 955 2970 politis,
976 2888 1027 2969 qui
1047 2889 1113 2949 fons
1133 2899 1203 2949 sunt

57 2984 254 3047 inexhaustus
267 2987 411 3058 doctrinae
423 2989 565 3061 mmricae,
579 2988 750 3068 gravissime
761 2989 865 3050 saltem
879 2987 1089 3068 impedimenta
1107 3005 1204 3051 remo·
1265 3012 1269 3024 ·

10 3100 16 3145 ’.
58 3091 92 3141 ta
104 3083 289 3148 videremus:
309 3086 391 3166 quod
404 3104 496 3167 quum
508 3064 622 3149 facium
636 3097 723 3158 esset,
738 3097 803 3146 tum
815 3085 934 3146 demum
956 3105 1104 3149 resumere
1124 3085 1203 3147 hanc
1318 3133 1320 3137 .

10 3216 15 3227 ·
58 3184 214 3244 materiem
226 3184 372 3248 volebam.
414 3187 475 3248 Sed
488 3207 580 3267 quum
592 3187 744 3268 superiore
764 3205 842 3246 anno
863 3197 969 3266 rogatu
990 3187 1102 3267 aliquot
1119 3190 1204 3266 juve·

56 3299 132 3339 num
147 3280 290 3372 manage
303 3284 464 3346 demetria
476 3288 632 3366 politarum
651 3285 852 3359 instituissem,
872 3287 1049 3347 nunciatum
1063 3296 1122 3359 est,
1142 3303 1204 3345 non

19 3446 22 3451 ,
56 3378 356 3463 satisexemplaridm
369 3404 522 3465 superesse
537 3385 615 3458 libri,
636 3403 724 3464 quem
746 3385 924 3444 Germanice
944 3403 982 3444 es
1001 3384 1093 3445 de're
1112 3384 1205 3464 scrip·

12 3533 18 3540 .
55 3489 125 3538 tum
139 3476 169 3536 in
182 3499 268 3539 usum
280 3482 443 3546 lectionum
458 3484 707 3544 Academicorum
721 3483 890 3545 edideram:
910 3484 1028 3564 maj0ris
1049 3493 1148 3542 autem
1168 3466 1204 3540 li·
1264 3538 1266 3543 ,
1331 3520 1334 3524 -

10 3600 13 3637 ι
56 3575 106 3637 bri
115 3579 254 3658 exempla
264 3583 326 3660 J'am
336 3583 450 3664 pridem
464 3583 615 3644 divendita
626 3594 720 3659 erant.
762 3584 811 3644 Ita
822 3581 1091 3663 primosummatim
1102 3583 1204 3662 paucis

10 3658 14 3737 'i
56 3677 161 3736 omnia
174 3679 334 3760 complecti
346 3681 547 3748 destinabam:
566 3683 620 3742 sed
634 3682 753 3762 incepto
774 3700 863 3761 opere
885 3698 976 3760 quum
995 3679 1202 3759 intelligerem,

56 3776 156 3837 multa
168 3797 242 3853 esse,
257 3799 325 3859 quae
337 3780 384 3853 iis,
397 3801 522 3861 quorum
536 3782 567 3841 in
581 3800 684 3841 manus
704 3781 754 3840 hic
774 3781 849 3841 liber
867 3792 1010 3840 venturus
1031 3790 1118 3853 esset,
1139 3779 1203 3845 sine

29 3868 192 3939 laberiori
214 3871 413 3960 explicatione
435 3870 483 3956 vel
506 3882 631 3941 obscura
653 3881 701 3942 vel
721 3881 795 3941 falsa
809 3880 909 3967 mvideri
932 3889 1062 3960 possent,
1087 3886 1202 3940 mutato

57 3973 185 4035 oonsilio
197 3976 313 4056 plenius
327 3979 425 4045 omnia
438 3981 575 4061 persequi
585 3999 739 4061 aggressus
752 3968 827 4040 sum'.
860 3979 936 4055 ‚Etsi
950 3988 1048 4038 autem
1062 3979 1201 4053 sciebam,

56 4089 97 4133 ne
109 4074 156 4133 sic
170 4075 290 4153 quidem
303 4079 334 4137 iu
347 4078 472 4140 materia
484 4090 546 4151 tam
558 4080 617 4140 late
631 4078 743 4150 diffusa,
759 4079 907 4160 tantisque
925 4077 1068 4158 implicita
1081 4076 1203 4166 difficul-

23 4210 26 4217 -
59 4171 172 4234 tatibus
185 4172 282 4258 afferri
294 4196 392 4258 posse,
407 4177 488 4259 quod
500 4179 570 4241 satis
583 4178 748 4260 perlectum
761 4189 851 4295 atque¹
867 4177 1040 4240 ¹absolutum
1055 4176 1203 4259 judicare-
