<?xml version="1.0" encoding="UTF-8"?>
<!DOCTYPE html PUBLIC "-//W3C//DTD XHTML 1.0 Transitional//EN"
    "http://www.w3.org/TR/xhtml1/DTD/xhtml1-transitional.dtd">
<html xmlns="http://www.w3.org/1999/xhtml" xml:lang="en" lang="en">
 <head>
  <title>
</title>
<meta http-equiv="Content-Type" content="text/html;charset=utf-8" />
  <meta name='ocr-system' content='tesseract 3.04.00' />
  <meta name='ocr-capabilities' content='ocr_page ocr_carea ocr_par ocr_line ocrx_word'/>
</head>
<body>
  <div class='ocr_page' id='page_1' title='image "./elementadoctrin00hermgoog_0287.png"; bbox 0 0 2694 4866; ppageno 0'>
   <div class='ocr_carea' id='block_1_1' title="bbox 570 137 587 165">
    <p class='ocr_par' dir='ltr' id='par_1_1' title="bbox 570 137 587 165">
     <span class='ocr_line' id='line_1_1' title="bbox 570 137 587 165; baseline 0 0"><span class='ocrx_word' id='word_1_1' title='bbox 570 137 587 165; x_wconf 74' lang='grc' dir='ltr'><em>Ι</em></span> 
     </span>
    </p>
   </div>
   <div class='ocr_carea' id='block_1_2' title="bbox 38 296 867 379">
    <p class='ocr_par' dir='ltr' id='par_1_2' title="bbox 38 296 867 379">
     <span class='ocr_line' id='line_1_2' title="bbox 38 296 867 379; baseline 0.005 -25"><span class='ocrx_word' id='word_1_2' title='bbox 38 300 170 359; x_wconf 57' lang='lat' dir='ltr'><strong>&lt;aaa</strong></span> <span class='ocrx_word' id='word_1_3' title='bbox 311 300 314 307; x_wconf 87' lang='lat'>·</span> <span class='ocrx_word' id='word_1_4' title='bbox 451 298 532 357; x_wconf 81' lang='lat' dir='ltr'><strong>sm.</strong></span> <span class='ocrx_word' id='word_1_5' title='bbox 545 298 587 357; x_wconf 87' lang='lat'><strong>11.</strong></span> <span class='ocrx_word' id='word_1_6' title='bbox 608 298 701 358; x_wconf 78' lang='lat' dir='ltr'><strong>car.</strong></span> <span class='ocrx_word' id='word_1_7' title='bbox 721 296 867 379; x_wconf 82' lang='lat' dir='ltr'><strong>xxxut.</strong></span> 
     </span>
    </p>
   </div>
   <div class='ocr_carea' id='block_1_3' title="bbox 120 461 1043 1098">
    <p class='ocr_par' dir='ltr' id='par_1_3' title="bbox 183 461 1043 610">
     <span class='ocr_line' id='line_1_3' title="bbox 183 461 1010 540; baseline -0.005 -17"><span class='ocrx_word' id='word_1_8' title='bbox 183 465 228 540; x_wconf 90' lang='lat' dir='ltr'><strong>qui</strong></span> <span class='ocrx_word' id='word_1_9' title='bbox 239 465 326 523; x_wconf 81' lang='lat' dir='ltr'><strong>omnis</strong></span> <span class='ocrx_word' id='word_1_10' title='bbox 336 464 457 522; x_wconf 87' lang='lat' dir='ltr'><strong>homiues</strong></span> <span class='ocrx_word' id='word_1_11' title='bbox 468 485 546 539; x_wconf 86' lang='lat' dir='ltr'><strong>super</strong></span> <span class='ocrx_word' id='word_1_12' title='bbox 558 466 665 523; x_wconf 64' lang='lat' dir='ltr'><strong>antideo</strong></span> <span class='ocrx_word' id='word_1_13' title='bbox 677 465 910 521; x_wconf 62' lang='lat' dir='ltr'><strong>crucibilitatibus</strong></span> <span class='ocrx_word' id='word_1_14' title='bbox 919 461 1010 519; x_wconf 65' lang='lat' dir='ltr'><strong>fiuinri.</strong></span> 
     </span>
     <span class='ocr_line' id='line_1_4' title="bbox 250 536 1043 610; baseline 0.001 -18"><span class='ocrx_word' id='word_1_15' title='bbox 250 537 348 609; x_wconf 69' lang='lat' dir='ltr'><strong>jactor,</strong></span> <span class='ocrx_word' id='word_1_16' title='bbox 359 538 469 604; x_wconf 88' lang='lat' dir='ltr'><strong>crucior,</strong></span> <span class='ocrx_word' id='word_1_17' title='bbox 480 539 573 610; x_wconf 70' lang='lat' dir='ltr'><strong>agitor,</strong></span> <span class='ocrx_word' id='word_1_18' title='bbox 585 538 714 604; x_wconf 81' lang='lat' dir='ltr'><strong>stimulor,</strong></span> <span class='ocrx_word' id='word_1_19' title='bbox 725 538 816 594; x_wconf 80' lang='lat' dir='ltr'><strong>vomer</strong></span> <span class='ocrx_word' id='word_1_20' title='bbox 826 537 855 592; x_wconf 91' lang='lat' dir='ltr'><strong>in</strong></span> <span class='ocrx_word' id='word_1_21' title='bbox 866 536 963 593; x_wconf 74' lang='lat' dir='ltr'><strong>amotio</strong></span> <span class='ocrx_word' id='word_1_22' title='bbox 974 544 1043 593; x_wconf 71' lang='lat' dir='ltr'><strong>totu.</strong></span> 
     </span>
    </p>

    <p class='ocr_par' dir='ltr' id='par_1_4' title="bbox 136 609 790 675">
     <span class='ocr_line' id='line_1_5' title="bbox 136 609 790 675; baseline -0.005 -11"><span class='ocrx_word' id='word_1_23' title='bbox 136 617 151 664; x_wconf 83' lang='lat'>⁵</span> <span class='ocrx_word' id='word_1_24' title='bbox 186 609 265 664; x_wconf 85' lang='lat' dir='ltr'><strong>miser</strong></span> <span class='ocrx_word' id='word_1_25' title='bbox 277 609 422 675; x_wconf 71' lang='lat' dir='ltr'><strong>exanimor,</strong></span> <span class='ocrx_word' id='word_1_26' title='bbox 787 643 790 651; x_wconf 55' lang='grc' dir='ltr'><em>ι</em></span> 
     </span>
    </p>

    <p class='ocr_par' dir='ltr' id='par_1_5' title="bbox 187 678 666 751">
     <span class='ocr_line' id='line_1_6' title="bbox 187 678 666 751; baseline 0.002 -17"><span class='ocrx_word' id='word_1_27' title='bbox 187 680 266 744; x_wconf 84' lang='lat' dir='ltr'><strong>feror,</strong></span> <span class='ocrx_word' id='word_1_28' title='bbox 274 681 388 745; x_wconf 83' lang='lat' dir='ltr'><strong>differor,</strong></span> <span class='ocrx_word' id='word_1_29' title='bbox 400 679 540 746; x_wconf 85' lang='lat' dir='ltr'><strong>distrahor,</strong></span> <span class='ocrx_word' id='word_1_30' title='bbox 549 678 666 751; x_wconf 88' lang='lat' dir='ltr'><strong>diripior.</strong></span> 
     </span>
    </p>

    <p class='ocr_par' dir='ltr' id='par_1_6' title="bbox 185 749 806 816">
     <span class='ocr_line' id='line_1_7' title="bbox 185 749 806 816; baseline -0.002 -12"><span class='ocrx_word' id='word_1_31' title='bbox 185 752 224 804; x_wconf 80' lang='lat' dir='ltr'><strong>ita</strong></span> <span class='ocrx_word' id='word_1_32' title='bbox 235 751 334 805; x_wconf 77' lang='lat' dir='ltr'><strong>nullam</strong></span> <span class='ocrx_word' id='word_1_33' title='bbox 346 761 461 805; x_wconf 89' lang='lat' dir='ltr'><strong>mentem</strong></span> <span class='ocrx_word' id='word_1_34' title='bbox 473 752 553 813; x_wconf 83' lang='lat' dir='ltr'><strong>animi</strong></span> <span class='ocrx_word' id='word_1_35' title='bbox 563 750 661 806; x_wconf 68' lang='lat' dir='ltr'><strong>babeo:</strong></span> <span class='ocrx_word' id='word_1_36' title='bbox 682 749 727 803; x_wconf 90' lang='lat' dir='ltr'><strong>ubi</strong></span> <span class='ocrx_word' id='word_1_37' title='bbox 739 766 806 816; x_wconf 81' lang='lat' dir='ltr'><strong>suut,</strong></span> 
     </span>
    </p>

    <p class='ocr_par' dir='ltr' id='par_1_7' title="bbox 187 819 831 886">
     <span class='ocr_line' id='line_1_8' title="bbox 187 819 831 886; baseline 0.003 -12"><span class='ocrx_word' id='word_1_38' title='bbox 187 820 223 875; x_wconf 89' lang='lat' dir='ltr'><strong>ihi</strong></span> <span class='ocrx_word' id='word_1_39' title='bbox 234 821 287 876; x_wconf 75' lang='lat' dir='ltr'><strong>non</strong></span> <span class='ocrx_word' id='word_1_40' title='bbox 301 840 356 876; x_wconf 90' lang='lat' dir='ltr'><strong>sum</strong></span> <span class='ocrx_word' id='word_1_41' title='bbox 366 822 437 886; x_wconf 63' lang='lat' dir='ltr'><strong>subi</strong></span> <span class='ocrx_word' id='word_1_42' title='bbox 449 839 503 876; x_wconf 90' lang='lat' dir='ltr'><strong>non</strong></span> <span class='ocrx_word' id='word_1_43' title='bbox 512 840 579 886; x_wconf 89' lang='lat' dir='ltr'><strong>snm,</strong></span> <span class='ocrx_word' id='word_1_44' title='bbox 591 820 654 875; x_wconf 87' lang='lat' dir='ltr'><strong>-ibi</strong></span> <span class='ocrx_word' id='word_1_45' title='bbox 666 820 707 875; x_wconf 73' lang='lat' dir='ltr'><strong>est</strong></span> <span class='ocrx_word' id='word_1_46' title='bbox 720 819 831 876; x_wconf 77' lang='lat' dir='ltr'><strong>animus.</strong></span> 
     </span>
    </p>

    <p class='ocr_par' dir='ltr' id='par_1_8' title="bbox 120 892 740 1035">
     <span class='ocr_line' id='line_1_9' title="bbox 187 892 684 964; baseline 0 -18"><span class='ocrx_word' id='word_1_47' title='bbox 187 893 226 946; x_wconf 90' lang='lat' dir='ltr'><strong>ita</strong></span> <span class='ocrx_word' id='word_1_48' title='bbox 234 893 270 945; x_wconf 92' lang='lat' dir='ltr'><strong>mi</strong></span> <span class='ocrx_word' id='word_1_49' title='bbox 281 892 369 947; x_wconf 75' lang='lat' dir='ltr'><strong>omnia</strong></span> <span class='ocrx_word' id='word_1_50' title='bbox 381 910 453 946; x_wconf 93' lang='lat' dir='ltr'><strong>nunc</strong></span> <span class='ocrx_word' id='word_1_51' title='bbox 463 893 568 964; x_wconf 72' lang='lat' dir='ltr'><strong>ingenia</strong></span> <span class='ocrx_word' id='word_1_52' title='bbox 579 893 684 946; x_wconf 76' lang='lat' dir='ltr'><strong>insunt:</strong></span> 
     </span>
     <span class='ocr_line' id='line_1_10' title="bbox 120 959 740 1035; baseline 0 -17"><span class='ocrx_word' id='word_1_53' title='bbox 120 974 152 1018; x_wconf 88' lang='lat'><strong>10</strong></span> <span class='ocrx_word' id='word_1_54' title='bbox 186 959 350 1035; x_wconf 70' lang='lat' dir='ltr'><strong>quodlibet,</strong></span> <span class='ocrx_word' id='word_1_55' title='bbox 359 981 413 1018; x_wconf 92' lang='lat' dir='ltr'><strong>nou</strong></span> <span class='ocrx_word' id='word_1_56' title='bbox 422 963 495 1017; x_wconf 86' lang='lat' dir='ltr'><strong>lubet</strong></span> <span class='ocrx_word' id='word_1_57' title='bbox 502 965 557 1034; x_wconf 88' lang='lat' dir='ltr'><strong>jam</strong></span> <span class='ocrx_word' id='word_1_58' title='bbox 567 963 595 1016; x_wconf 89' lang='lat' dir='ltr'><strong>id</strong></span> <span class='ocrx_word' id='word_1_59' title='bbox 604 961 740 1018; x_wconf 81' lang='lat' dir='ltr'><strong>continuo.</strong></span> 
     </span>
    </p>

    <p class='ocr_par' dir='ltr' id='par_1_9' title="bbox 188 1033 645 1098">
     <span class='ocr_line' id='line_1_11' title="bbox 188 1033 645 1098; baseline 0 -12"><span class='ocrx_word' id='word_1_60' title='bbox 188 1034 226 1090; x_wconf 85' lang='lat' dir='ltr'><strong>ita</strong></span> <span class='ocrx_word' id='word_1_61' title='bbox 237 1035 311 1090; x_wconf 77' lang='lat' dir='ltr'><strong>amor</strong></span> <span class='ocrx_word' id='word_1_62' title='bbox 321 1034 417 1088; x_wconf 85' lang='lat' dir='ltr'><strong>lassum</strong></span> <span class='ocrx_word' id='word_1_63' title='bbox 426 1035 506 1087; x_wconf 85' lang='lat' dir='ltr'><strong>animi</strong></span> <span class='ocrx_word' id='word_1_64' title='bbox 517 1033 645 1098; x_wconf 77' lang='lat' dir='ltr'><strong>ludificat,</strong></span> 
     </span>
    </p>
   </div>
   <div class='ocr_carea' id='block_1_4' title="bbox 125 1104 948 2081">
    <p class='ocr_par' dir='ltr' id='par_1_10' title="bbox 125 1104 948 2081">
     <span class='ocr_line' id='line_1_12' title="bbox 259 1104 682 1177; baseline -0.002 -18"><span class='ocrx_word' id='word_1_65' title='bbox 259 1104 341 1176; x_wconf 81' lang='lat' dir='ltr'><strong>fugat,</strong></span> <span class='ocrx_word' id='word_1_66' title='bbox 352 1105 413 1176; x_wconf 70' lang='lat' dir='ltr'><strong>agir,</strong></span> <span class='ocrx_word' id='word_1_67' title='bbox 426 1105 535 1177; x_wconf 87' lang='lat' dir='ltr'><strong>appetit,</strong></span> <span class='ocrx_word' id='word_1_68' title='bbox 546 1115 573 1158; x_wconf 92' lang='lat' dir='ltr'><strong>et</strong></span> <span class='ocrx_word' id='word_1_69' title='bbox 586 1104 682 1176; x_wconf 70' lang='lat' dir='ltr'><strong>raptat,</strong></span> 
     </span>
     <span class='ocr_line' id='line_1_13' title="bbox 259 1175 600 1246; baseline -0.009 -17"><span class='ocrx_word' id='word_1_70' title='bbox 259 1175 366 1240; x_wconf 69' lang='lat' dir='ltr'><strong>retinet,</strong></span> <span class='ocrx_word' id='word_1_71' title='bbox 376 1176 466 1240; x_wconf 86' lang='lat' dir='ltr'><strong>lactat,</strong></span> <span class='ocrx_word' id='word_1_72' title='bbox 477 1175 600 1246; x_wconf 79' lang='lat' dir='ltr'><strong>largitur:</strong></span> 
     </span>
     <span class='ocr_line' id='line_1_14' title="bbox 260 1244 671 1316; baseline -0.01 -15"><span class='ocrx_word' id='word_1_73' title='bbox 260 1247 331 1316; x_wconf 87' lang='lat' dir='ltr'><strong>quod</strong></span> <span class='ocrx_word' id='word_1_74' title='bbox 343 1246 398 1312; x_wconf 67' lang='lat' dir='ltr'><strong>dut,</strong></span> <span class='ocrx_word' id='word_1_75' title='bbox 410 1264 463 1301; x_wconf 93' lang='lat' dir='ltr'><strong>non</strong></span> <span class='ocrx_word' id='word_1_76' title='bbox 477 1246 533 1301; x_wconf 86' lang='lat' dir='ltr'><strong>dat:</strong></span> <span class='ocrx_word' id='word_1_77' title='bbox 554 1244 671 1300; x_wconf 77' lang='lat' dir='ltr'><strong>delriditr</strong></span> 
     </span>
     <span class='ocr_line' id='line_1_15' title="bbox 125 1315 672 1387; baseline -0.007 -13"><span class='ocrx_word' id='word_1_78' title='bbox 125 1326 158 1374; x_wconf 82' lang='lat'><strong>1⁵</strong></span> <span class='ocrx_word' id='word_1_79' title='bbox 263 1318 344 1372; x_wconf 90' lang='lat' dir='ltr'><strong>modo</strong></span> <span class='ocrx_word' id='word_1_80' title='bbox 353 1317 423 1387; x_wconf 81' lang='lat' dir='ltr'><strong>quod</strong></span> <span class='ocrx_word' id='word_1_81' title='bbox 436 1318 526 1382; x_wconf 89' lang='lat' dir='ltr'><strong>suasit,</strong></span> <span class='ocrx_word' id='word_1_82' title='bbox 534 1315 672 1370; x_wconf 84' lang='lat' dir='ltr'><strong>dissuasit:</strong></span> 
     </span>
     <span class='ocr_line' id='line_1_16' title="bbox 262 1386 654 1458; baseline 0.003 -17"><span class='ocrx_word' id='word_1_83' title='bbox 262 1388 334 1458; x_wconf 90' lang='lat' dir='ltr'><strong>quod</strong></span> <span class='ocrx_word' id='word_1_84' title='bbox 347 1388 477 1453; x_wconf 81' lang='lat' dir='ltr'>dissuasit,</span> <span class='ocrx_word' id='word_1_85' title='bbox 488 1387 516 1441; x_wconf 87' lang='lat' dir='ltr'><strong>id</strong></span> <span class='ocrx_word' id='word_1_86' title='bbox 527 1386 654 1442; x_wconf 71' lang='lat' dir='ltr'><strong>ostentat.</strong></span> 
     </span>
     <span class='ocr_line' id='line_1_17' title="bbox 191 1458 511 1513; baseline -0.009 -1"><span class='ocrx_word' id='word_1_87' title='bbox 191 1459 336 1513; x_wconf 85' lang='lat' dir='ltr'><strong>maritumis</strong></span> <span class='ocrx_word' id='word_1_88' title='bbox 347 1458 463 1512; x_wconf 76' lang='lat' dir='ltr'><strong>moribus</strong></span> <span class='ocrx_word' id='word_1_89' title='bbox 479 1489 486 1503; x_wconf 85' lang='lat'><strong>·</strong></span> <span class='ocrx_word' id='word_1_90' title='bbox 504 1493 511 1508; x_wconf 86' lang='lat'><strong>.</strong></span> 
     </span>
     <span class='ocr_line' id='line_1_18' title="bbox 192 1529 612 1600; baseline 0 -17"><span class='ocrx_word' id='word_1_91' title='bbox 192 1547 296 1583; x_wconf 89' lang='lat' dir='ltr'><strong>mecum</strong></span> <span class='ocrx_word' id='word_1_92' title='bbox 308 1529 458 1600; x_wconf 74' lang='lat' dir='ltr'><strong>experitur:</strong></span> <span class='ocrx_word' id='word_1_93' title='bbox 477 1529 514 1583; x_wconf 85' lang='lat' dir='ltr'><strong>ita</strong></span> <span class='ocrx_word' id='word_1_94' title='bbox 527 1532 612 1583; x_wconf 77' lang='lat' dir='ltr'><strong>meum</strong></span> 
     </span>
     <span class='ocr_line' id='line_1_19' title="bbox 192 1597 763 1670; baseline 0 -19"><span class='ocrx_word' id='word_1_95' title='bbox 192 1599 288 1668; x_wconf 80' lang='lat' dir='ltr'><strong>frangit</strong></span> <span class='ocrx_word' id='word_1_96' title='bbox 300 1611 430 1654; x_wconf 87' lang='lat' dir='ltr'><strong>amantem</strong></span> <span class='ocrx_word' id='word_1_97' title='bbox 442 1600 566 1664; x_wconf 87' lang='lat' dir='ltr'><strong>animum,</strong></span> <span class='ocrx_word' id='word_1_98' title='bbox 578 1598 627 1654; x_wconf 67' lang='lat' dir='ltr'><strong>nec</strong></span> <span class='ocrx_word' id='word_1_99' title='bbox 640 1597 690 1653; x_wconf 90' lang='lat' dir='ltr'><strong>nisi</strong></span> <span class='ocrx_word' id='word_1_100' title='bbox 701 1597 763 1670; x_wconf 88' lang='lat' dir='ltr'><strong>quia</strong></span> 
     </span>
     <span class='ocr_line' id='line_1_20' title="bbox 125 1671 658 1736; baseline 0 -11"><span class='ocrx_word' id='word_1_101' title='bbox 125 1681 160 1725; x_wconf 80' lang='lat'><strong>20</strong></span> <span class='ocrx_word' id='word_1_102' title='bbox 195 1671 272 1724; x_wconf 87' lang='lat' dir='ltr'><strong>miser</strong></span> <span class='ocrx_word' id='word_1_103' title='bbox 284 1672 336 1724; x_wconf 79' lang='lat' dir='ltr'><strong>non</strong></span> <span class='ocrx_word' id='word_1_104' title='bbox 349 1689 382 1725; x_wconf 90' lang='lat' dir='ltr'><strong>eo</strong></span> <span class='ocrx_word' id='word_1_105' title='bbox 413 1688 508 1736; x_wconf 87' lang='lat' dir='ltr'><strong>essum,</strong></span> <span class='ocrx_word' id='word_1_106' title='bbox 520 1671 574 1725; x_wconf 80' lang='lat' dir='ltr'><strong>utta</strong></span> <span class='ocrx_word' id='word_1_107' title='bbox 585 1672 658 1725; x_wconf 87' lang='lat' dir='ltr'><strong>abest</strong></span> 
     </span>
     <span class='ocr_line' id='line_1_21' title="bbox 264 1689 592 1812; baseline 0.006 -18"><span class='ocrx_word' id='word_1_108' title='bbox 264 1741 327 1794; x_wconf 88' lang='lat' dir='ltr'><strong>mihi</strong></span> <span class='ocrx_word' id='word_1_109' title='bbox 340 1689 444 1812; x_wconf 69' lang='lat' dir='ltr'><strong>pertiito</strong></span> <span class='ocrx_word' id='word_1_110' title='bbox 456 1741 592 1811; x_wconf 85' lang='lat' dir='ltr'><strong>pernicies.</strong></span> 
     </span>
     <span class='ocr_line' id='line_1_22' title="bbox 194 1811 624 1882; baseline 0 -17"><span class='ocrx_word' id='word_1_111' title='bbox 194 1811 232 1866; x_wconf 88' lang='lat' dir='ltr'><strong>ita</strong></span> <span class='ocrx_word' id='word_1_112' title='bbox 243 1811 344 1882; x_wconf 71' lang='lat' dir='ltr'><strong>patera</strong></span> <span class='ocrx_word' id='word_1_113' title='bbox 364 1814 399 1866; x_wconf 90' lang='lat' dir='ltr'><strong>nd</strong></span> <span class='ocrx_word' id='word_1_114' title='bbox 411 1813 498 1866; x_wconf 87' lang='lat' dir='ltr'><strong>villam</strong></span> <span class='ocrx_word' id='word_1_115' title='bbox 511 1812 624 1867; x_wconf 87' lang='lat' dir='ltr'><strong>de‘tinuit</strong></span> 
     </span>
     <span class='ocr_line' id='line_1_23' title="bbox 195 1829 652 1947; baseline -0.002 -11"><span class='ocrx_word' id='word_1_116' title='bbox 195 1884 299 1937; x_wconf 79' lang='lat' dir='ltr'><strong>mehor</strong></span> <span class='ocrx_word' id='word_1_117' title='bbox 311 1829 367 1938; x_wconf 60' lang='lat' dir='ltr'><strong>diii</strong></span> <span class='ocrx_word' id='word_1_118' title='bbox 379 1900 425 1936; x_wconf 85' lang='lat' dir='ltr'><strong>sex</strong></span> <span class='ocrx_word' id='word_1_119' title='bbox 438 1883 491 1937; x_wconf 90' lang='lat' dir='ltr'><strong>ruri</strong></span> <span class='ocrx_word' id='word_1_120' title='bbox 503 1883 652 1947; x_wconf 76' lang='lat' dir='ltr'><strong>continuos,</strong></span> 
     </span>
     <span class='ocr_line' id='line_1_24' title="bbox 268 1950 948 2024; baseline -0.001 -17"><span class='ocrx_word' id='word_1_121' title='bbox 268 1972 354 2024; x_wconf 90' lang='lat' dir='ltr'><strong>neque</strong></span> <span class='ocrx_word' id='word_1_122' title='bbox 365 1954 465 2007; x_wconf 85' lang='lat' dir='ltr'><strong>licitum</strong></span> <span class='ocrx_word' id='word_1_123' title='bbox 479 1966 518 2008; x_wconf 88' lang='lat' dir='ltr'><strong>est</strong></span> <span class='ocrx_word' id='word_1_124' title='bbox 529 1953 630 2007; x_wconf 69' lang='lat' dir='ltr'><strong>interea</strong></span> <span class='ocrx_word' id='word_1_125' title='bbox 642 1969 725 2006; x_wconf 88' lang='lat' dir='ltr'><strong>meam</strong></span> <span class='ocrx_word' id='word_1_126' title='bbox 736 1950 844 2006; x_wconf 86' lang='lat' dir='ltr'><strong>amicam</strong></span> <span class='ocrx_word' id='word_1_127' title='bbox 856 1950 948 2008; x_wconf 83' lang='lat' dir='ltr'><strong>visere.</strong></span> 
     </span>
     <span class='ocr_line' id='line_1_25' title="bbox 125 2022 719 2081; baseline -0.003 -2"><span class='ocrx_word' id='word_1_128' title='bbox 125 2033 160 2080; x_wconf 79' lang='lat'><strong>25</strong></span> <span class='ocrx_word' id='word_1_129' title='bbox 266 2036 340 2081; x_wconf 86' lang='lat' dir='ltr'><strong>estne</strong></span> <span class='ocrx_word' id='word_1_130' title='bbox 351 2024 403 2079; x_wconf 81' lang='lat' dir='ltr'><strong>hoc</strong></span> <span class='ocrx_word' id='word_1_131' title='bbox 414 2025 537 2079; x_wconf 87' lang='lat' dir='ltr'><strong>miscmm</strong></span> <span class='ocrx_word' id='word_1_132' title='bbox 550 2022 719 2078; x_wconf 74' lang='lat' dir='ltr'><strong>memoratu?</strong></span> 
     </span>
    </p>
   </div>
   <div class='ocr_carea' id='block_1_5' title="bbox 88 2160 1243 2569">
    <p class='ocr_par' dir='ltr' id='par_1_11' title="bbox 88 2160 1243 2569">
     <span class='ocr_line' id='line_1_26' title="bbox 124 2160 1232 2242; baseline -0.005 -21"><span class='ocrx_word' id='word_1_133' title='bbox 124 2161 243 2222; x_wconf 88' lang='lat' dir='ltr'><strong>Horum</strong></span> <span class='ocrx_word' id='word_1_134' title='bbox 256 2182 391 2222; x_wconf 85' lang='lat' dir='ltr'><strong>versuum</strong></span> <span class='ocrx_word' id='word_1_135' title='bbox 404 2172 523 2242; x_wconf 89' lang='lat' dir='ltr'><strong>quartus</strong></span> <span class='ocrx_word' id='word_1_136' title='bbox 543 2160 707 2222; x_wconf 82' lang='lat' dir='ltr'><strong>trochaicus</strong></span> <span class='ocrx_word' id='word_1_137' title='bbox 728 2171 781 2221; x_wconf 89' lang='lat' dir='ltr'><strong>est.</strong></span> <span class='ocrx_word' id='word_1_138' title='bbox 822 2162 860 2221; x_wconf 86' lang='lat' dir='ltr'><strong>V.</strong></span> <span class='ocrx_word' id='word_1_139' title='bbox 885 2161 1012 2223; x_wconf 72' lang='lat'>17-21.</span> <span class='ocrx_word' id='word_1_140' title='bbox 1032 2164 1232 2238; x_wconf 72' lang='lat' dir='ltr'><strong>systematum</strong></span> 
     </span>
     <span class='ocr_line' id='line_1_27' title="bbox 123 2237 1230 2316; baseline -0.005 -16"><span class='ocrx_word' id='word_1_141' title='bbox 123 2243 291 2316; x_wconf 89' lang='lat' dir='ltr'><strong>iambicum,</strong></span> <span class='ocrx_word' id='word_1_142' title='bbox 315 2245 369 2302; x_wconf 88' lang='lat' dir='ltr'><strong>nisi</strong></span> <span class='ocrx_word' id='word_1_143' title='bbox 390 2244 483 2303; x_wconf 88' lang='lat' dir='ltr'><strong>fallor.</strong></span> <span class='ocrx_word' id='word_1_144' title='bbox 525 2246 561 2304; x_wconf 92' lang='lat' dir='ltr'><strong>V.</strong></span> <span class='ocrx_word' id='word_1_145' title='bbox 579 2247 625 2307; x_wconf 87' lang='grc'><strong>17.</strong></span> <span class='ocrx_word' id='word_1_146' title='bbox 646 2242 789 2303; x_wconf 81' lang='lat' dir='ltr'><strong>excidisse</strong></span> <span class='ocrx_word' id='word_1_147' title='bbox 809 2241 922 2300; x_wconf 85' lang='lat' dir='ltr'><strong>videtur</strong></span> <span class='ocrx_word' id='word_1_148' title='bbox 942 2237 1032 2300; x_wconf 80' lang='lat' dir='ltr'><strong>molis.</strong></span> <span class='ocrx_word' id='word_1_149' title='bbox 1075 2240 1113 2299; x_wconf 89' lang='lat' dir='ltr'><strong>V.</strong></span> <span class='ocrx_word' id='word_1_150' title='bbox 1130 2244 1174 2303; x_wconf 87' lang='lat'><strong>19.</strong></span> <span class='ocrx_word' id='word_1_151' title='bbox 1191 2253 1230 2295; x_wconf 76' lang='lat' dir='ltr'><strong>aar</strong></span> 
     </span>
     <span class='ocr_line' id='line_1_28' title="bbox 88 2316 1243 2468; baseline -0.006 -5"><span class='ocrx_word' id='word_1_152' title='bbox 88 2326 90 2335; x_wconf 38' lang='lat'>¹</span> <span class='ocrx_word' id='word_1_153' title='bbox 125 2325 729 2468; x_wconf 60' lang='lat' dir='ltr'><strong>‘iipiriiii}i“⁶‘vif‘ieiiqtiuiii</strong></span> <span class='ocrx_word' id='word_1_154' title='bbox 741 2320 987 2463; x_wconf 51' lang='lat' dir='ltr'><strong>iiiii‘liiii&#39;</strong></span> <span class='ocrx_word' id='word_1_155' title='bbox 1001 2319 1063 2461; x_wconf 70' lang='lat' dir='ltr'><strong>iii</strong></span> <span class='ocrx_word' id='word_1_156' title='bbox 1080 2316 1243 2462; x_wconf 54' lang='lat' dir='ltr'><strong>tiit</strong></span> 
     </span>
     <span class='ocr_line' id='line_1_29' title="bbox 126 2423 1188 2569; baseline 0 -26"><span class='ocrx_word' id='word_1_157' title='bbox 126 2425 269 2546; x_wconf 71' lang='lat' dir='ltr'><strong>iambicus</strong></span> <span class='ocrx_word' id='word_1_158' title='bbox 288 2451 427 2549; x_wconf 77' lang='lat' dir='ltr'><strong>trimeter.</strong></span> <span class='ocrx_word' id='word_1_159' title='bbox 439 2450 447 2466; x_wconf 34' lang='grc' dir='ltr'><strong>ο</strong></span> <span class='ocrx_word' id='word_1_160' title='bbox 471 2449 577 2549; x_wconf 67' lang='lat' dir='ltr'><strong>caeteri</strong></span> <span class='ocrx_word' id='word_1_161' title='bbox 592 2450 693 2553; x_wconf 75' lang='lat' dir='ltr'><strong>omnes</strong></span> <span class='ocrx_word' id='word_1_162' title='bbox 706 2447 875 2569; x_wconf 77' lang='lat' dir='ltr'><strong>anapaestici</strong></span> <span class='ocrx_word' id='word_1_163' title='bbox 887 2423 966 2546; x_wconf 45' lang='lat' dir='ltr'><strong>sulit..</strong></span> <span class='ocrx_word' id='word_1_164' title='bbox 1184 2464 1188 2471; x_wconf 44' lang='lat'>⁵</span> 
     </span>
    </p>
   </div>
   <div class='ocr_carea' id='block_1_6' title="bbox 525 2767 860 2875">
    <p class='ocr_par' dir='ltr' id='par_1_12' title="bbox 525 2767 860 2875">
     <span class='ocr_line' id='line_1_30' title="bbox 525 2767 860 2875; baseline 0.015 -32"><span class='ocrx_word' id='word_1_165' title='bbox 525 2767 638 2875; x_wconf 75' lang='lat' dir='ltr'><strong>CAP.</strong></span> <span class='ocrx_word' id='word_1_166' title='bbox 667 2767 860 2849; x_wconf 77' lang='lat' dir='ltr'><strong>xxxin.</strong></span> 
     </span>
    </p>
   </div>
   <div class='ocr_carea' id='block_1_7' title="bbox 388 2989 996 3043">
    <p class='ocr_par' dir='ltr' id='par_1_13' title="bbox 388 2989 996 3043">
     <span class='ocr_line' id='line_1_31' title="bbox 388 2989 996 3043; baseline 0 -3"><span class='ocrx_word' id='word_1_167' title='bbox 388 2991 438 3040; x_wconf 77' lang='lat' dir='ltr'><strong>DE</strong></span> <span class='ocrx_word' id='word_1_168' title='bbox 455 2992 705 3043; x_wconf 80' lang='lat' dir='ltr'>ANAPAESTICIS</span> <span class='ocrx_word' id='word_1_169' title='bbox 722 2989 996 3043; x_wconf 80' lang='lat' dir='ltr'><strong>TETRAMETRIS·</strong></span> 
     </span>
    </p>
   </div>
   <div class='ocr_carea' id='block_1_8' title="bbox 34 3153 1269 4470">
    <p class='ocr_par' dir='ltr' id='par_1_14' title="bbox 132 3153 1269 3979">
     <span class='ocr_line' id='line_1_32' title="bbox 175 3153 1269 3250; baseline -0.004 -21"><span class='ocrx_word' id='word_1_170' title='bbox 175 3174 201 3229; x_wconf 93' lang='lat' dir='ltr'><strong>l.</strong></span> <span class='ocrx_word' id='word_1_171' title='bbox 223 3169 447 3228; x_wconf 80' lang='lat' dir='ltr'><strong>Taraamaum</strong></span> <span class='ocrx_word' id='word_1_172' title='bbox 462 3170 520 3230; x_wconf 90' lang='lat' dir='ltr'><strong>duo</strong></span> <span class='ocrx_word' id='word_1_173' title='bbox 534 3172 612 3250; x_wconf 87' lang='lat' dir='ltr'><strong>apud</strong></span> <span class='ocrx_word' id='word_1_174' title='bbox 625 3172 758 3250; x_wconf 87' lang='lat' dir='ltr'><strong>antiquos</strong></span> <span class='ocrx_word' id='word_1_175' title='bbox 771 3169 967 3242; x_wconf 89' lang='lat' dir='ltr'><strong>inveniuntur,</strong></span> <span class='ocrx_word' id='word_1_176' title='bbox 983 3166 1176 3237; x_wconf 83' lang='lat' dir='ltr'><strong>catalecticus,</strong></span> <span class='ocrx_word' id='word_1_177' title='bbox 1192 3153 1228 3240; x_wconf 84' lang='lat' dir='ltr'><strong>qui</strong></span> <span class='ocrx_word' id='word_1_178' title='bbox 1266 3243 1269 3249; x_wconf 24' lang='grc' dir='ltr'>Ι</span> 
     </span>
     <span class='ocr_line' id='line_1_33' title="bbox 136 3247 1230 3330; baseline -0.006 -20"><span class='ocrx_word' id='word_1_179' title='bbox 136 3251 224 3310; x_wconf 89' lang='lat' dir='ltr'><strong>solius</strong></span> <span class='ocrx_word' id='word_1_180' title='bbox 238 3249 389 3310; x_wconf 85' lang='lat' dir='ltr'><strong>comoediae</strong></span> <span class='ocrx_word' id='word_1_181' title='bbox 403 3251 535 3330; x_wconf 89' lang='lat' dir='ltr'><strong>proprius</strong></span> <span class='ocrx_word' id='word_1_182' title='bbox 549 3265 604 3325; x_wconf 86' lang='lat' dir='ltr'><strong>est,</strong></span> <span class='ocrx_word' id='word_1_183' title='bbox 619 3264 649 3313; x_wconf 90' lang='lat' dir='ltr'><strong>et</strong></span> <span class='ocrx_word' id='word_1_184' title='bbox 662 3252 850 3322; x_wconf 88' lang='lat' dir='ltr'><strong>acatalectus,</strong></span> <span class='ocrx_word' id='word_1_185' title='bbox 865 3270 950 3329; x_wconf 91' lang='lat' dir='ltr'><strong>quem</strong></span> <span class='ocrx_word' id='word_1_186' title='bbox 965 3248 1044 3328; x_wconf 88' lang='lat' dir='ltr'><strong>apud</strong></span> <span class='ocrx_word' id='word_1_187' title='bbox 1053 3249 1132 3308; x_wconf 86' lang='lat' dir='ltr'><strong>solos</strong></span> <span class='ocrx_word' id='word_1_188' title='bbox 1146 3247 1230 3305; x_wconf 82' lang='lat' dir='ltr'><strong>Ront·</strong></span> 
     </span>
     <span class='ocr_line' id='line_1_34' title="bbox 133 3324 1269 3409; baseline -0.008 -17"><span class='ocrx_word' id='word_1_189' title='bbox 133 3353 187 3392; x_wconf 91' lang='lat' dir='ltr'><strong>nos</strong></span> <span class='ocrx_word' id='word_1_190' title='bbox 196 3333 225 3389; x_wconf 94' lang='lat' dir='ltr'><strong>in</strong></span> <span class='ocrx_word' id='word_1_191' title='bbox 240 3352 294 3390; x_wconf 88' lang='lat' dir='ltr'><strong>usu</strong></span> <span class='ocrx_word' id='word_1_192' title='bbox 307 3332 395 3392; x_wconf 88' lang='lat' dir='ltr'><strong>fuisse</strong></span> <span class='ocrx_word' id='word_1_193' title='bbox 409 3333 541 3392; x_wconf 85' lang='lat' dir='ltr'><strong>arbitror.</strong></span> <span class='ocrx_word' id='word_1_194' title='bbox 576 3324 1126 3409; x_wconf 76' lang='lat' dir='ltr'><strong>Horu&#39;mcatalecticusagrammaticis</strong></span> <span class='ocrx_word' id='word_1_195' title='bbox 1140 3326 1229 3386; x_wconf 76' lang='lat' dir='ltr'><strong>Aristo·</strong></span> <span class='ocrx_word' id='word_1_196' title='bbox 1265 3334 1269 3369; x_wconf 72' lang='grc' dir='ltr'>ἱ</span> 
     </span>
     <span class='ocr_line' id='line_1_35' title="bbox 132 3409 1269 3494; baseline 0 -23"><span class='ocrx_word' id='word_1_197' title='bbox 132 3415 262 3494; x_wconf 87' lang='lat' dir='ltr'><strong>phaneus</strong></span> <span class='ocrx_word' id='word_1_198' title='bbox 276 3412 372 3473; x_wconf 84' lang='lat' dir='ltr'><strong>dictus</strong></span> <span class='ocrx_word' id='word_1_199' title='bbox 380 3425 435 3485; x_wconf 89' lang='lat' dir='ltr'><strong>est,</strong></span> <span class='ocrx_word' id='word_1_200' title='bbox 447 3414 501 3473; x_wconf 87' lang='lat' dir='ltr'><strong>etsi</strong></span> <span class='ocrx_word' id='word_1_201' title='bbox 511 3415 595 3474; x_wconf 89' lang='lat' dir='ltr'><strong>multi</strong></span> <span class='ocrx_word' id='word_1_202' title='bbox 606 3426 673 3474; x_wconf 86' lang='lat' dir='ltr'><strong>ante</strong></span> <span class='ocrx_word' id='word_1_203' title='bbox 684 3413 918 3492; x_wconf 86' lang='lat' dir='ltr'><strong>Aristophanem,</strong></span> <span class='ocrx_word' id='word_1_204' title='bbox 930 3425 962 3470; x_wconf 90' lang='lat' dir='ltr'><strong>ut</strong></span> <span class='ocrx_word' id='word_1_205' title='bbox 974 3411 1144 3490; x_wconf 77' lang='lat' dir='ltr'><strong>Hephaestio</strong></span> <span class='ocrx_word' id='word_1_206' title='bbox 1154 3409 1229 3471; x_wconf 59' lang='lat' dir='ltr'><strong>docti</strong></span> <span class='ocrx_word' id='word_1_207' title='bbox 1266 3416 1269 3421; x_wconf 82' lang='grc'><strong>’</strong></span> 
     </span>
     <span class='ocr_line' id='line_1_36' title="bbox 133 3488 1269 3575; baseline -0.008 -21"><span class='ocrx_word' id='word_1_208' title='bbox 133 3497 192 3554; x_wconf 92' lang='lat' dir='ltr'><strong>hoo</strong></span> <span class='ocrx_word' id='word_1_209' title='bbox 205 3506 331 3553; x_wconf 88' lang='lat' dir='ltr'><strong>metrum</strong></span> <span class='ocrx_word' id='word_1_210' title='bbox 345 3507 528 3574; x_wconf 91' lang='lat' dir='ltr'><strong>usurparunt.</strong></span> <span class='ocrx_word' id='word_1_211' title='bbox 569 3497 617 3554; x_wconf 91' lang='lat' dir='ltr'><strong>De</strong></span> <span class='ocrx_word' id='word_1_212' title='bbox 631 3497 688 3554; x_wconf 92' lang='lat' dir='ltr'><strong>hoc</strong></span> <span class='ocrx_word' id='word_1_213' title='bbox 701 3514 786 3554; x_wconf 86' lang='lat' dir='ltr'><strong>versu</strong></span> <span class='ocrx_word' id='word_1_214' title='bbox 799 3493 1014 3554; x_wconf 87' lang='lat' dir='ltr'><strong>accuratissime</strong></span> <span class='ocrx_word' id='word_1_215' title='bbox 1028 3491 1161 3571; x_wconf 81' lang='lat' dir='ltr'><strong>exposuit</strong></span> <span class='ocrx_word' id='word_1_216' title='bbox 1179 3488 1230 3575; x_wconf 70' lang='lat' dir='ltr'><strong>Pet·</strong></span> <span class='ocrx_word' id='word_1_217' title='bbox 1263 3510 1269 3531; x_wconf 64' lang='lat'><em>⁴</em></span> 
     </span>
     <span class='ocr_line' id='line_1_37' title="bbox 135 3564 1231 3656; baseline -0.007 -19"><span class='ocrx_word' id='word_1_218' title='bbox 135 3596 224 3637; x_wconf 83' lang='lat' dir='ltr'><strong>sonus</strong></span> <span class='ocrx_word' id='word_1_219' title='bbox 238 3576 268 3633; x_wconf 90' lang='lat' dir='ltr'><strong>in</strong></span> <span class='ocrx_word' id='word_1_220' title='bbox 282 3575 393 3653; x_wconf 85' lang='lat' dir='ltr'><strong>praefat.</strong></span> <span class='ocrx_word' id='word_1_221' title='bbox 406 3576 444 3635; x_wconf 89' lang='lat' dir='ltr'><strong>ad</strong></span> <span class='ocrx_word' id='word_1_222' title='bbox 458 3575 560 3656; x_wconf 91' lang='lat' dir='ltr'><strong>Eurip.</strong></span> <span class='ocrx_word' id='word_1_223' title='bbox 575 3577 692 3643; x_wconf 86' lang='lat' dir='ltr'><strong>Hecub.</strong></span> <span class='ocrx_word' id='word_1_224' title='bbox 714 3596 744 3655; x_wconf 91' lang='lat' dir='ltr'><strong>p.</strong></span> <span class='ocrx_word' id='word_1_225' title='bbox 757 3581 806 3635; x_wconf 84' lang='lat'><strong>46.</strong></span> <span class='ocrx_word' id='word_1_226' title='bbox 820 3594 900 3653; x_wconf 87' lang='lat' dir='ltr'><strong>seqq.</strong></span> <span class='ocrx_word' id='word_1_227' title='bbox 942 3575 1065 3633; x_wconf 89' lang='lat' dir='ltr'><strong>Constat</strong></span> <span class='ocrx_word' id='word_1_228' title='bbox 1085 3573 1133 3631; x_wconf 86' lang='lat' dir='ltr'><strong>iile</strong></span> <span class='ocrx_word' id='word_1_229' title='bbox 1152 3588 1185 3629; x_wconf 88' lang='lat' dir='ltr'><strong>ex</strong></span> <span class='ocrx_word' id='word_1_230' title='bbox 1202 3564 1231 3623; x_wconf 82' lang='lat' dir='ltr'><strong>dr·</strong></span> 
     </span>
     <span class='ocr_line' id='line_1_38' title="bbox 134 3647 1232 3736; baseline -0.009 -20"><span class='ocrx_word' id='word_1_231' title='bbox 134 3670 232 3717; x_wconf 90' lang='lat' dir='ltr'><strong>metro</strong></span> <span class='ocrx_word' id='word_1_232' title='bbox 247 3658 408 3717; x_wconf 85' lang='lat' dir='ltr'><strong>acatalecto</strong></span> <span class='ocrx_word' id='word_1_233' title='bbox 429 3668 460 3717; x_wconf 88' lang='lat' dir='ltr'><strong>et</strong></span> <span class='ocrx_word' id='word_1_234' title='bbox 472 3659 647 3736; x_wconf 87' lang='lat' dir='ltr'><strong>paroemiaco</strong></span> <span class='ocrx_word' id='word_1_235' title='bbox 662 3659 692 3727; x_wconf 88' lang='lat' dir='ltr'><strong>in</strong></span> <span class='ocrx_word' id='word_1_236' title='bbox 712 3676 802 3715; x_wconf 93' lang='lat' dir='ltr'><strong>unum</strong></span> <span class='ocrx_word' id='word_1_237' title='bbox 823 3653 995 3735; x_wconf 86' lang='lat' dir='ltr'><strong>conjunctis,</strong></span> <span class='ocrx_word' id='word_1_238' title='bbox 1022 3673 1132 3712; x_wconf 85' lang='lat' dir='ltr'><strong>caesura</strong></span> <span class='ocrx_word' id='word_1_239' title='bbox 1151 3653 1177 3710; x_wconf 89' lang='lat' dir='ltr'><strong>in</strong></span> <span class='ocrx_word' id='word_1_240' title='bbox 1193 3647 1232 3705; x_wconf 75' lang='lat' dir='ltr'><strong>fiut</strong></span> 
     </span>
     <span class='ocr_line' id='line_1_39' title="bbox 136 3731 1269 3818; baseline -0.008 -20"><span class='ocrx_word' id='word_1_241' title='bbox 136 3737 231 3818; x_wconf 90' lang='lat' dir='ltr'><strong>quarti</strong></span> <span class='ocrx_word' id='word_1_242' title='bbox 244 3737 327 3817; x_wconf 83' lang='lat' dir='ltr'><strong>pedis</strong></span> <span class='ocrx_word' id='word_1_243' title='bbox 339 3737 440 3796; x_wconf 90' lang='lat' dir='ltr'><strong>sedulo</strong></span> <span class='ocrx_word' id='word_1_244' title='bbox 455 3739 615 3811; x_wconf 87' lang='lat' dir='ltr'><strong>observata,</strong></span> <span class='ocrx_word' id='word_1_245' title='bbox 636 3739 806 3818; x_wconf 92' lang='lat' dir='ltr'><strong>plerumque</strong></span> <span class='ocrx_word' id='word_1_246' title='bbox 820 3738 908 3796; x_wconf 86' lang='lat' dir='ltr'><strong>etiam</strong></span> <span class='ocrx_word' id='word_1_247' title='bbox 922 3735 1061 3796; x_wconf 86' lang='lat' dir='ltr'><strong>incisione</strong></span> <span class='ocrx_word' id='word_1_248' title='bbox 1081 3735 1158 3795; x_wconf 82' lang='lat' dir='ltr'><strong>facta</strong></span> <span class='ocrx_word' id='word_1_249' title='bbox 1169 3731 1232 3789; x_wconf 74' lang='lat' dir='ltr'><strong>inse</strong></span> <span class='ocrx_word' id='word_1_250' title='bbox 1262 3765 1269 3775; x_wconf 92' lang='lat'>·</span> 
     </span>
     <span class='ocr_line' id='line_1_40' title="bbox 136 3811 1231 3900; baseline -0.008 -23"><span class='ocrx_word' id='word_1_251' title='bbox 136 3819 226 3879; x_wconf 90' lang='lat' dir='ltr'><strong>cundi</strong></span> <span class='ocrx_word' id='word_1_252' title='bbox 235 3818 316 3896; x_wconf 87' lang='lat' dir='ltr'><strong>pedis</strong></span> <span class='ocrx_word' id='word_1_253' title='bbox 327 3819 401 3886; x_wconf 85' lang='lat' dir='ltr'><strong>fine;</strong></span> <span class='ocrx_word' id='word_1_254' title='bbox 415 3830 478 3877; x_wconf 89' lang='lat' dir='ltr'><strong>tum</strong></span> <span class='ocrx_word' id='word_1_255' title='bbox 488 3821 596 3883; x_wconf 89' lang='lat' dir='ltr'><strong>evitato</strong></span> <span class='ocrx_word' id='word_1_256' title='bbox 607 3821 714 3900; x_wconf 89' lang='lat' dir='ltr'><strong>ubique</strong></span> <span class='ocrx_word' id='word_1_257' title='bbox 721 3817 991 3900; x_wconf 89' lang='lat' dir='ltr'><strong>proceleusmatico,</strong></span> <span class='ocrx_word' id='word_1_258' title='bbox 1002 3816 1124 3895; x_wconf 88' lang='lat' dir='ltr'><strong>aliisque</strong></span> <span class='ocrx_word' id='word_1_259' title='bbox 1133 3816 1160 3873; x_wconf 91' lang='lat' dir='ltr'><strong>iu</strong></span> <span class='ocrx_word' id='word_1_260' title='bbox 1168 3811 1231 3870; x_wconf 82' lang='lat' dir='ltr'><strong>retu</strong></span> 
     </span>
     <span class='ocr_line' id='line_1_41' title="bbox 136 3898 1227 3979; baseline 0.001 -20"><span class='ocrx_word' id='word_1_261' title='bbox 136 3919 208 3960; x_wconf 91' lang='lat' dir='ltr'><strong>cura</strong></span> <span class='ocrx_word' id='word_1_262' title='bbox 221 3898 350 3958; x_wconf 84' lang='lat' dir='ltr'><strong>adhibita</strong></span> <span class='ocrx_word' id='word_1_263' title='bbox 363 3898 588 3976; x_wconf 88' lang='lat' dir='ltr'><strong>diligentissima.</strong></span> <span class='ocrx_word' id='word_1_264' title='bbox 1218 3940 1227 3979; x_wconf 58' lang='grc'><strong>,-</strong></span> 
     </span>
    </p>

    <p class='ocr_par' dir='ltr' id='par_1_15' title="bbox 34 3970 1269 4470">
     <span class='ocr_line' id='line_1_42' title="bbox 179 3970 1269 4059; baseline -0.007 -18"><span class='ocrx_word' id='word_1_265' title='bbox 179 3987 208 4041; x_wconf 74' lang='grc'><strong>2.</strong></span> <span class='ocrx_word' id='word_1_266' title='bbox 229 3981 277 4039; x_wconf 91' lang='lat' dir='ltr'><strong>Ac</strong></span> <span class='ocrx_word' id='word_1_267' title='bbox 290 3979 383 4059; x_wconf 91' lang='lat' dir='ltr'><strong>primo</strong></span> <span class='ocrx_word' id='word_1_268' title='bbox 397 3980 476 4058; x_wconf 89' lang='lat' dir='ltr'><strong>quod</strong></span> <span class='ocrx_word' id='word_1_269' title='bbox 489 3984 527 4040; x_wconf 88' lang='lat' dir='ltr'><strong>ad</strong></span> <span class='ocrx_word' id='word_1_270' title='bbox 541 4002 678 4042; x_wconf 86' lang='lat' dir='ltr'><strong>caesuram</strong></span> <span class='ocrx_word' id='word_1_271' title='bbox 693 3982 807 4049; x_wconf 86' lang='lat' dir='ltr'><strong>attinet,</strong></span> <span class='ocrx_word' id='word_1_272' title='bbox 832 3999 931 4038; x_wconf 88' lang='lat' dir='ltr'><strong>verum</strong></span> <span class='ocrx_word' id='word_1_273' title='bbox 953 3997 1023 4038; x_wconf 86' lang='lat' dir='ltr'><strong>sane</strong></span> <span class='ocrx_word' id='word_1_274' title='bbox 1044 3990 1100 4048; x_wconf 90' lang='lat' dir='ltr'><strong>est,</strong></span> <span class='ocrx_word' id='word_1_275' title='bbox 1120 3973 1191 4056; x_wconf 83' lang='lat' dir='ltr'><strong>quod</strong></span> <span class='ocrx_word' id='word_1_276' title='bbox 1205 3970 1241 4035; x_wconf 56' lang='grc' dir='ltr'><strong>υἱ,</strong></span> <span class='ocrx_word' id='word_1_277' title='bbox 1264 3990 1269 4027; x_wconf 80' lang='grc' dir='ltr'><strong><em>ῑ</em></strong></span> 
     </span>
     <span class='ocr_line' id='line_1_43' title="bbox 137 4058 1269 4142; baseline -0.009 -20"><span class='ocrx_word' id='word_1_278' title='bbox 137 4059 297 4132; x_wconf 89' lang='lat' dir='ltr'><strong>Porsonus‚</strong></span> <span class='ocrx_word' id='word_1_279' title='bbox 310 4061 455 4140; x_wconf 88' lang='lat' dir='ltr'><strong>plerisque</strong></span> <span class='ocrx_word' id='word_1_280' title='bbox 469 4061 499 4118; x_wconf 91' lang='lat' dir='ltr'><strong>in</strong></span> <span class='ocrx_word' id='word_1_281' title='bbox 518 4062 600 4135; x_wconf 90' lang='lat' dir='ltr'><strong>locis,</strong></span> <span class='ocrx_word' id='word_1_282' title='bbox 615 4064 644 4121; x_wconf 92' lang='lat' dir='ltr'><strong>in</strong></span> <span class='ocrx_word' id='word_1_283' title='bbox 659 4065 762 4142; x_wconf 89' lang='lat' dir='ltr'><strong>quibus</strong></span> <span class='ocrx_word' id='word_1_284' title='bbox 783 4083 818 4122; x_wconf 90' lang='lat' dir='ltr'><strong>ea</strong></span> <span class='ocrx_word' id='word_1_285' title='bbox 832 4061 966 4140; x_wconf 85' lang='lat' dir='ltr'><strong>neglecta</strong></span> <span class='ocrx_word' id='word_1_286' title='bbox 980 4058 1182 4138; x_wconf 80' lang='lat' dir='ltr'><strong>reperiebatur,</strong></span> <span class='ocrx_word' id='word_1_287' title='bbox 1199 4064 1232 4109; x_wconf 75' lang='lat' dir='ltr'><strong>ct·</strong></span> <span class='ocrx_word' id='word_1_288' title='bbox 1262 4072 1269 4107; x_wconf 79' lang='grc' dir='ltr'>ῑ</span> 
     </span>
     <span class='ocr_line' id='line_1_44' title="bbox 140 4133 1233 4223; baseline -0.005 -23"><span class='ocrx_word' id='word_1_289' title='bbox 140 4141 221 4200; x_wconf 87' lang='lat' dir='ltr'><strong>dices</strong></span> <span class='ocrx_word' id='word_1_290' title='bbox 236 4140 327 4203; x_wconf 88' lang='lat' dir='ltr'><strong>MSS.</strong></span> <span class='ocrx_word' id='word_1_291' title='bbox 352 4143 500 4202; x_wconf 91' lang='lat' dir='ltr'><strong>meliorem</strong></span> <span class='ocrx_word' id='word_1_292' title='bbox 520 4143 690 4223; x_wconf 82' lang='lat' dir='ltr'><strong>scripturam</strong></span> <span class='ocrx_word' id='word_1_293' title='bbox 703 4143 902 4223; x_wconf 85' lang='lat' dir='ltr'><strong>suppeditasse</strong></span> <span class='ocrx_word' id='word_1_294' title='bbox 912 4166 928 4217; x_wconf 63' lang='grc' dir='ltr'><strong>;Ι</strong></span> <span class='ocrx_word' id='word_1_295' title='bbox 940 4140 1010 4199; x_wconf 88' lang='lat' dir='ltr'><strong>alios</strong></span> <span class='ocrx_word' id='word_1_296' title='bbox 1025 4151 1135 4211; x_wconf 90' lang='lat' dir='ltr'><strong>autem,</strong></span> <span class='ocrx_word' id='word_1_297' title='bbox 1148 4133 1190 4216; x_wconf 89' lang='lat' dir='ltr'><strong>qui</strong></span> <span class='ocrx_word' id='word_1_298' title='bbox 1200 4145 1233 4188; x_wconf 68' lang='lat' dir='ltr'><strong>tt·</strong></span> 
     </span>
     <span class='ocr_line' id='line_1_45' title="bbox 34 4219 1269 4304; baseline -0.007 -22"><span class='ocrx_word' id='word_1_299' title='bbox 34 4259 37 4262; x_wconf 94' lang='lat'><em>-</em></span> <span class='ocrx_word' id='word_1_300' title='bbox 141 4233 288 4303; x_wconf 81' lang='lat' dir='ltr'><strong>perorant,</strong></span> <span class='ocrx_word' id='word_1_301' title='bbox 303 4222 383 4282; x_wconf 91' lang='lat' dir='ltr'><strong>locos</strong></span> <span class='ocrx_word' id='word_1_302' title='bbox 396 4224 458 4304; x_wconf 90' lang='lat' dir='ltr'><strong>ipse</strong></span> <span class='ocrx_word' id='word_1_303' title='bbox 472 4224 627 4283; x_wconf 89' lang='lat' dir='ltr'><strong>maximam</strong></span> <span class='ocrx_word' id='word_1_304' title='bbox 640 4237 752 4303; x_wconf 88' lang='lat' dir='ltr'><strong>partem</strong></span> <span class='ocrx_word' id='word_1_305' title='bbox 773 4224 911 4304; x_wconf 79' lang='lat' dir='ltr'><strong>praeclare</strong></span> <span class='ocrx_word' id='word_1_306' title='bbox 926 4221 1076 4282; x_wconf 74' lang='lat' dir='ltr'><strong>correxita</strong></span> <span class='ocrx_word' id='word_1_307' title='bbox 1097 4219 1233 4280; x_wconf 69' lang='lat' dir='ltr'><strong>scdserett</strong></span> <span class='ocrx_word' id='word_1_308' title='bbox 1261 4224 1269 4273; x_wconf 62' lang='grc' dir='ltr'><strong>ἱ.</strong></span> 
     </span>
     <span class='ocr_line' id='line_1_46' title="bbox 141 4297 1269 4384; baseline -0.005 -22"><span class='ocrx_word' id='word_1_309' title='bbox 141 4317 249 4373; x_wconf 82' lang='lat' dir='ltr'><strong>tamen,</strong></span> <span class='ocrx_word' id='word_1_310' title='bbox 264 4322 302 4361; x_wconf 92' lang='lat' dir='ltr'><strong>ue</strong></span> <span class='ocrx_word' id='word_1_311' title='bbox 315 4303 344 4360; x_wconf 93' lang='lat' dir='ltr'><strong>in</strong></span> <span class='ocrx_word' id='word_1_312' title='bbox 355 4305 411 4363; x_wconf 95' lang='lat' dir='ltr'><strong>hac</strong></span> <span class='ocrx_word' id='word_1_313' title='bbox 421 4325 454 4365; x_wconf 91' lang='lat' dir='ltr'><strong>re</strong></span> <span class='ocrx_word' id='word_1_314' title='bbox 468 4300 618 4378; x_wconf 88' lang='lat' dir='ltr'><strong>acciderit,</strong></span> <span class='ocrx_word' id='word_1_315' title='bbox 631 4307 710 4384; x_wconf 90' lang='lat' dir='ltr'><strong>quod</strong></span> <span class='ocrx_word' id='word_1_316' title='bbox 720 4307 780 4366; x_wconf 89' lang='lat' dir='ltr'><strong>fere</strong></span> <span class='ocrx_word' id='word_1_317' title='bbox 795 4306 903 4382; x_wconf 89' lang='lat' dir='ltr'><strong>ubique</strong></span> <span class='ocrx_word' id='word_1_318' title='bbox 916 4302 1046 4363; x_wconf 84' lang='lat' dir='ltr'><strong>evenisse</strong></span> <span class='ocrx_word' id='word_1_319' title='bbox 1059 4297 1236 4379; x_wconf 69' lang='lat' dir='ltr'><strong>videnum</strong></span> <span class='ocrx_word' id='word_1_320' title='bbox 1264 4319 1269 4356; x_wconf 94' lang='lat'>:</span> 
     </span>
     <span class='ocr_line' id='line_1_47' title="bbox 141 4379 1267 4470; baseline -0.001 -27"><span class='ocrx_word' id='word_1_321' title='bbox 141 4383 384 4470; x_wconf 79' lang='lat' dir='ltr'><strong>quemadmodum</strong></span> <span class='ocrx_word' id='word_1_322' title='bbox 398 4399 466 4450; x_wconf 87' lang='lat' dir='ltr'><strong>ante</strong></span> <span class='ocrx_word' id='word_1_323' title='bbox 475 4387 506 4450; x_wconf 91' lang='lat' dir='ltr'><strong>in</strong></span> <span class='ocrx_word' id='word_1_324' title='bbox 520 4387 709 4452; x_wconf 86' lang='lat' dir='ltr'><strong>concedenda</strong></span> <span class='ocrx_word' id='word_1_325' title='bbox 721 4388 815 4462; x_wconf 87' lang='lat' dir='ltr'><strong>venia,</strong></span> <span class='ocrx_word' id='word_1_326' title='bbox 831 4387 872 4448; x_wconf 90' lang='lat' dir='ltr'><strong>ita</strong></span> <span class='ocrx_word' id='word_1_327' title='bbox 881 4397 947 4468; x_wconf 87' lang='lat' dir='ltr'><strong>post</strong></span> <span class='ocrx_word' id='word_1_328' title='bbox 961 4383 991 4443; x_wconf 92' lang='lat' dir='ltr'><strong>in</strong></span> <span class='ocrx_word' id='word_1_329' title='bbox 1004 4383 1174 4464; x_wconf 81' lang='lat' dir='ltr'><strong>deneganda</strong></span> <span class='ocrx_word' id='word_1_330' title='bbox 1182 4379 1236 4458; x_wconf 72' lang='lat' dir='ltr'><strong>just</strong></span> <span class='ocrx_word' id='word_1_331' title='bbox 1262 4402 1267 4437; x_wconf 77' lang='grc' dir='ltr'>ι</span> 
     </span>
    </p>
   </div>
   <div class='ocr_carea' id='block_1_9' title="bbox 0 0 1363 4866">
    <p class='ocr_par' dir='ltr' id='par_1_16' title="bbox 0 0 1363 4866">
     <span class='ocr_line' id='line_1_48' title="bbox 0 0 1363 4866; baseline 0 0"><span class='ocrx_word' id='word_1_332' title='bbox 0 0 1363 4866; x_wconf 95' lang='lat' dir='ltr'><strong> </strong></span> 
     </span>
    </p>
   </div>
  </div>
 </body>
</html>
