2694 4866
217 279 276 342 nn
300 250 1044 371 svsrnnnrrs'aurrsr'nornrconum
1124 285 1185 349 479

55 448 183 511 dubium
197 449 322 520 videtur,
345 450 446 527 poe'tas
465 448 496 506 in
518 447 727 527 componendis
751 449 831 509 hisce
854 451 1028 511 carminibus
1052 451 1186 530 designa-

55 532 141 591 tione
162 533 286 609 quadam
300 542 329 589 et
344 531 538 608 descriptione
552 550 624 609 opus
639 530 784 603 habuisse,
799 551 837 590 ex
860 551 918 610 qua
939 544 971 591 ut
994 533 1052 592 loci
1077 533 1185 592 disces-

55 613 215 690 sionesque
230 632 426 690 personarum,
442 614 483 670 ita
496 612 578 683 ordo,
594 631 653 690 quo
669 612 806 690 deinceps
829 613 955 691 strophae
979 615 1117 673 canendae
1140 631 1186 672 es·

55 705 135 762 sent,
150 695 289 754 eluceret.
329 696 377 754 De
398 712 456 772 qua
479 693 705 772 descriptionum
723 705 786 752 arte
807 706 838 752 et
862 695 974 761 ratione
998 715 1088 774 quum
1113 695 1185 752 nihil

56 775 144 833 nobis
158 775 296 833 traditum
310 774 346 832 sit
361 777 397 833 ab
412 775 547 853 antiquis,
570 775 738 853 perdifficile
758 786 802 833 est
816 775 941 852 aliquam
955 776 1030 836 viam
1045 777 1185 848 invenire,
1214 824 1217 831 ,

54 875 126 934 quae
139 856 169 912 in
183 867 264 915 tanta
277 856 380 914 horum
394 868 582 935 systematum
597 857 736 915 varietate
749 856 833 917 simul
858 868 887 915 et
911 857 1042 916 locorum
1067 870 1098 917 et
1119 876 1185 916 suc·
1277 900 1280 908 .

55 936 197 995 cessionis
211 937 376 1015 aequalitate
390 937 544 997 indicanda
556 937 723 998 satisfaciat.
764 937 832 996 Non
846 938 1056 1016 desperaverim
1077 950 1186 1011 tamen,

54 1017 132 1084 fore,
149 1031 180 1077 ut
194 1019 252 1076 hoc
266 1039 383 1097 quoque
396 1019 556 1079 sollertium
569 1020 718 1079 hominurn
732 1019 891 1101 sagacitate
905 1020 1086 1098 expediatur.
1118 1020 1184 1097 Ego

56 1099 177 1177 quidem
200 1117 263 1157 eam
277 1119 391 1177 semper
405 1102 545 1160 rationem
559 1112 700 1179 sequutus
713 1121 787 1173 sum,
802 1111 835 1158 ut
848 1103 980 1181 strophas
1003 1113 1091 1180 atque
1111 1100 1187 1160 anti·

57 1166 201 1257 strophas'
214 1181 316 1239 iisdem
330 1181 433 1240 litteris
446 1182 610 1260 designatas
624 1201 660 1242 eo
674 1182 785 1253 ordine,
801 1202 859 1261 quo
873 1183 1010 1260 deinceps
1024 1184 1054 1241 in
1068 1201 1185 1261 quoque

57 1262 189 1331 carmine
203 1281 265 1320 sese
279 1262 440 1340 excipiunt,
465 1264 510 1322 vel
524 1284 582 1323 uno
597 1263 627 1320 in
641 1282 736 1334 versu,
750 1263 796 1322 vel
809 1263 894 1323 aliam
907 1265 961 1323 snb
986 1265 1041 1322 alia
1065 1265 1186 1323 adnota-

55 1361 132 1415 rem,
147 1361 183 1401 ac
197 1343 302 1403 deinde
315 1343 429 1420 singula
442 1345 573 1422 ejusdem
586 1345 691 1404 litterae
704 1345 785 1424 paria
797 1345 980 1405 semicirculo
990 1346 1036 1404 vel
1050 1362 1185 1424 superne,
1291 1372 1294 1376 ·

55 1424 106 1482 vel
121 1424 204 1497 infra,
225 1425 270 1484 vel
291 1426 321 1482 in
335 1425 425 1484 latere
440 1422 658 1504 conjungelem.
700 1427 746 1485 Ita
759 1426 790 1483 hi
804 1426 978 1486 semicirculi
990 1427 1076 1486 facile
1090 1444 1187 1504 aequa·

55 1503 172 1565 litatem
192 1506 317 1585 partium
332 1506 499 1578 ostendunt,
514 1518 564 1566 aut
577 1507 601 1566 si
615 1527 673 1586 qua
686 1507 743 1566 sint
767 1507 929 1586 inaeqnalia,
953 1507 991 1566 de
1015 1525 1113 1567 errore
1136 1507 1187 1567 ad·

56 1598 191 1646 monent.
235 1587 402 1647 Curandum
416 1598 461 1647 est
475 1600 571 1647 autem
584 1589 640 1647 hac
654 1589 684 1646 in
698 1609 739 1658 re,
766 1600 798 1647 ut
813 1591 836 1646 si
850 1590 945 1649 nimia
960 1589 997 1648 sit
1020 1587 1187 1649 semicircu-

54 1668 154 1727 lorum
169 1669 262 1747 copia,
276 1670 306 1742 ii,
331 1668 380 1749 qui
404 1669 457 1728 sibi
482 1669 670 1748 respondent,
694 1671 763 1729 satis
787 1689 805 1728 a
828 1671 941 1730 caeteris
961 1669 1186 1749 distinguantur.

55 1748 209 1828 Sequatur
223 1762 266 1809 est
280 1750 422 1810 rationem
434 1762 563 1809 nostram
578 1750 735 1822 Seidlerus,
757 1750 788 1808 in
810 1755 892 1829 cnjus
915 1751 990 1810 libro
1004 1751 1042 1810 de
1057 1751 1187 1810 versibus

57 1830 240 1890 dochmiacis
253 1831 350 1910 plures
363 1831 528 1911 hujusmodi
541 1831 641 1890 formae
655 1832 807 1910 descriptae
820 1843 897 1891 sunt.

100 1917 131 1972 4.
153 1913 327 1991 Plerumque
341 1923 439 1972 autern
451 1912 497 1972 his
510 1913 673 1993 systematis
686 1932 744 1972 non
758 1913 850 1971 solum
865 1912 980 1972 cantica
1001 1912 1082 1972 chori
1105 1923 1186 1973 acto-

56 2012 195 2073 rumque,
210 1994 261 2053 sed
284 1994 370 2053 etiam
384 1995 434 2072 qui
455 1995 531 2054 inter
551 1993 615 2054 haec
639 1993 727 2053 medii
750 2005 818 2053 sunt
838 1994 976 2072 anapaesti
997 1994 1043 2054 vel
1064 1994 1188 2054 trimetri

58 2074 359 2154 comprehenduntur.
400 2076 581 2154 Eademque,
607 2095 672 2152 quae
685 2075 714 2133 in
729 2074 797 2153 ipsis
820 2076 946 2155 strophis
968 2076 1119 2135 observata
1143 2085 1187 2135 est

57 2157 220 2236 aequalitas,
241 2157 328 2217 etiarn
343 2157 373 2216 in
386 2176 573 2238 personarum
587 2156 698 2216 vicibus
712 2156 851 2216 custodiri
865 2157 949 2229 solet,
969 2175 1049 2216 nunc
1069 2157 1099 2214 in
1113 2157 1189 2216 anti-

57 2239 181 2317 stropha
195 2238 298 2298 eodem
311 2239 409 2319 modo,
424 2258 484 2318 quo
498 2238 527 2296 in
541 2238 670 2318 stropha,
691 2257 770 2298 nunc
785 2238 886 2297 ordine
906 2239 1031 2309 inverso,
1053 2249 1083 2296 et
1105 2248 1188 2298 tanta

56 2319 179 2399 quidem
192 2320 351 2398 diligentia,
368 2332 410 2393 ut,
421 2321 455 2394 ¹si
469 2320 498 2378 in
512 2318 614 2378 mediis
626 2319 756 2379 versibus
771 2328 898 2378 mutatur
918 2338 1051 2398 persona,
1075 2319 1188 2378 utrobi·
1228 2368 1231 2374 .

58 2420 120 2479 que
134 2402 164 2459 id
178 2401 208 2459 in
221 2401 324 2461 eodem
337 2402 424 2482 pede,
439 2406 579 2482 cujusque
587 2400 675 2480 ,pedis
699 2400 800 2460 eadem
824 2400 856 2459 in
877 2401 987 2482 syllaba
1009 2401 1068 2459 fiat.
1112 2403 1187 2466 Quae

59 2500 111 2541 res
125 2501 201 2562 saepe
214 2481 353 2541 indicium
375 2483 446 2543 facit
468 2500 656 2562 personarum
680 2484 710 2541 in
732 2482 882 2542 codicibus
905 2494 956 2542 aut
979 2482 1055 2541 male
1077 2481 1187 2540 indica·

57 2573 169 2636 tarum,
182 2575 233 2622 aut
246 2563 426 2637 omissarum,
460 2563 519 2622 uod
532 2563 703 2642 plerumque
716 2565 827 2623 factum
842 2576 886 2624 est
900 2564 930 2622 in
944 2564 988 2635 iis,
1015 2583 1079 2642 quae
1103 2583 1121 2622 a
1144 2563 1187 2622 di-

57 2644 151 2704 versis
164 2645 292 2723 partibus
306 2647 399 2717 chori,
414 2586 460 2704 vei
473 2646 561 2703 etiam
574 2663 591 2703 a
606 2645 725 2723 singulis
750 2646 918 2705 cantoribus
942 2656 1096 2704 canuntur.
1139 2647 1187 2703 Ac
1265 2701 1267 2704 ,

56 2725 191 2804 singulos
205 2737 337 2786 cantores
361 2726 507 2786 interdurn
531 2725 611 2803 loqui
634 2726 680 2785 vel
704 2745 809 2785 canere
833 2746 924 2805 quum
947 2726 1056 2803 aliquot
1080 2724 1187 2784 abhinc

57 2807 144 2868 annis
157 2808 265 2867 amicos
278 2809 418 2886 quosdam
431 2805 614 2876 monuissem,
639 2807 773 2886 exemplo
795 2827 873 2878 usus,
896 2807 976 2887 quod
996 2825 1084 2884 supra
1108 2825 1187 2864 com·

56 2888 218 2950 memorari
231 2888 261 2947 in
285 2889 342 2949 fine
367 2885 431 2968 cap.
445 2893 495 2949 20.
515 2892 574 2968 jam
596 2889 797 2968 pervulgatum
811 2908 874 2948 esse
887 2888 982 2948 video.
1023 2889 1187 2948 Monitnm-

56 2989 120 3051 que
133 2981 176 3030 est
191 2991 226 3031 ea
245 2970 338 3042 dere,
363 2972 415 3031 sed
428 2970 529 3050 paucis
543 2970 573 3028 in
587 2970 669 3041 locis,
695 2991 713 3030 a
726 2971 872 3031 veteribus
896 2968 1068 3042 scholiastis,
1093 2982 1126 3028 ut
1149 2969 1187 3028 ad

56 3051 194 3132 AEschyli
209 3053 326 3131 Septem
341 3054 378 3112 ad
393 3053 509 3112 Thebas
524 3063 553 3110 et
568 3051 755 3112 Eumenides.
797 3052 942 3130 Exempla
966 3051 1034 3110 dedi
1059 3051 1088 3108 in
1115 3051 1188 3110 meis

55 3133 200 3193 Herculis
214 3134 348 3193 Furentis
362 3146 392 3194 et
407 3133 576 3211 Supplicum
598 3133 746 3210 Euripidis
766 3133 955 3191 editionibus:
976 3133 1013 3191 de
1037 3132 1143 3209 quibus
1163 3132 1187 3191 si

54 3233 120 3274 non
131 3216 261 3293 persuasi
274 3215 456 3293 quibusdam,
481 3232 540 3272 non
555 3212 585 3270 id
598 3213 759 3270 mirandum
774 3223 861 3290 puto:
881 3231 948 3271 nam
962 3212 1012 3290 qui
1026 3212 1097 3269 nihil
1110 3233 1185 3291 prae.

54 3308 106 3356 ter
119 3297 207 3355 verba
230 3307 260 3356 et
274 3315 400 3355 canones
413 3293 617 3374 grammaticos
631 3294 661 3350 in
674 3293 799 3371 antiquis
821 3294 1008 3371 scriptoribus
1033 3286 1186 3369 venantui,

56 3377 102 3450 hi,
118 3378 197 3456 quod
220 3378 296 3438 ultra
317 3389 372 3450 est,
398 3378 523 3436 oderunt
537 3393 649 3434 curare.
690 3376 837 3434 Caeterum
861 3375 1048 3433 vehementer
1073 3374 1185 3444 dubito,

54 3478 96 3519 an
110 3460 200 3518 semel
213 3458 346 3518 instituta
358 3473 545 3538 personarum
560 3455 663 3533 aequali
677 3455 817 3515 divisione
831 3475 889 3515 non
910 3456 1000 3514 licere
1023 3454 1090 3514 sibi,
1100 3452 1185 3534 pritd-

53 3539 153 3600 verint
167 3541 279 3619 tragici,
294 3539 449 3619 aliquando
469 3539 505 3598 ab
530 3556 565 3596 ea
587 3536 746 3596 discedere.
787 3537 978 3597 Inveniuntur
1001 3546 1109 3609 tamen,
1130 3537 1186 3596 nisi

53 3621 152 3694 fallor,
183 3622 400 3700 antistrophica
431 3621 460 3679 in
488 3620 593 3698 quibus
616 3638 675 3678 non
700 3630 744 3678 est
769 3619 885 3678 omnino
910 3620 1042 3676 instituta
1065 3614 1183 3699 &equalis
1270 3638 1282 3653 ²

54 3721 246 3784 personarum
270 3702 448 3763 distributio:
476 3701 528 3760 sed
551 3719 587 3760 ea
610 3699 688 3780 apud
711 3700 838 3778 tragicos
863 3711 943 3760 certe
965 3714 1083 3780 perrara
1105 3711 1184 3774 sunt,

53 3785 255 3864 frequentiora
265 3796 366 3846 autem
379 3785 410 3842 in
424 3781 584 3844 comoediis.
856 3789 863 3799 ¹
1120 3796 1145 3851 ῃ

97 3873 127 3930 5.
149 3867 295 3926 Praeterea
307 3886 384 3946 saepe
401 3865 490 3926 etiam
504 3863 582 3922 aliud
596 3882 689 3943 genus
710 3862 903 3942 responsionis
925 3861 1078 3931 invenitur,
1105 3863 1185 3941 qnod

53 3947 185 4031 positum
199 3960 244 4006 est
257 3948 286 4006 in
299 3967 373 4008 voce
386 3947 490 4008 eodem
503 3946 570 4004 loco
583 3945 779 4025 antistropha,
794 3946 921 4006 maxime
939 3945 970 4004 in
994 3943 1051 4001 fine
1074 3963 1185 4016 versus,

54 4032 174 4090 iterata.
214 4029 273 4096 Qui
287 4034 367 4102 usus,
380 4029 490 4088 alienus
504 4028 541 4086 ab
554 4027 646 4106 lyrica
658 4028 751 4107 poesi,
774 4027 908 4106 proprius
932 4039 976 4085 est
1000 4024 1187 4103 antistrophi-

54 4129 159 4172 corum
174 4109 205 4168 in
218 4129 315 4171 scena.
357 4112 458 4190 Atque
471 4109 526 4169 etsi
539 4109 639 4187 negari
659 4128 718 4168 non
732 4118 839 4187 potest,
862 4127 939 4187 saepe
960 4109 1016 4166 hac
1037 4106 1067 4163 in
1088 4126 1120 4165 re
1135 4104 1187 4164 ali·

53 4193 129 4274 qnid
142 4193 301 4252 venustatis
315 4193 419 4264 inesse,
432 4203 530 4250 tamen
542 4189 600 4251 hoc
614 4201 747 4250 actorum
760 4191 886 4250 maxime
901 4208 1002 4249 caussa
1022 4188 1186 4248 institutum

44 4267 183 4348 videtur,
198 4274 324 4354 quiahae
347 4273 476 4354 ejusdam
500 4272 635 4332 vocabuli
656 4272 823 4332 iterationes
844 4272 1012 4353 memoriam
1035 4271 1064 4328 in
1088 4267 1183 4329 verbis

51 4355 207 4438 modisque
228 4355 390 4416 ediscendis
410 4353 530 4416 mirifice
551 4356 698 4434 adJuvant.
740 4353 829 4439 Quod
856 4355 887 4414 in
913 4373 1019 4433 magna
1049 4361 1079 4411 et
1110 4360 1183 4410 stro·
