2694 4866
116 270 173 326 106
500 262 580 324 LIB.
596 262 637 321 11.
653 261 746 322 CAP.
760 259 877 321 xvm.

118 438 166 496 18.
181 433 211 490 in
226 432 348 511 Hecyra
367 430 408 490 ll.
425 436 453 503 1,
474 434 524 493 20.
537 432 568 489 iu
583 431 701 490 Phorm.
722 432 747 490 Ι.
768 435 799 502 3,
821 434 869 493 25.
890 433 941 492 26.
962 430 998 489 V.
1019 436 1054 501 J,
1079 433 1127 491 15.
1146 440 1176 490 et
1192 432 1234 490 20.

117 513 294 593 Exemplum
310 512 470 573 adscribam
485 513 522 570 de
536 513 702 573 rarioribus.
744 514 780 572 ln
793 511 939 570 Eunucho
953 510 1008 570 IV.
1018 515 1047 572 6.
1079 511 1236 571 Thaiscum

118 596 276 657 Clrremcte
290 595 418 653 versibus
431 594 587 653 trochaicis
607 593 776 674 septenariis
797 592 975 670 colloquens,
996 591 1079 672 quasi
1098 593 1193 653 obiter
1211 612 1237 652 se

118 676 262 736 convertit
284 676 322 733 ad
345 676 489 748 ancillam,
518 694 641 754 eamque
664 674 806 734 cistellam
829 672 931 734 afferre
948 675 1048 753 jubet:
1076 675 1159 754 quod
1180 675 1238 754 quia

116 759 202 838 plane
216 757 272 816 alia
283 775 356 817 voce
370 756 413 830 fit,
434 757 656 836 interruptoque
669 755 719 815 illo
732 775 800 816 cum
813 755 972 815 Chremeta
993 756 1153 835 colloquio,
1172 755 1236 815 duos

115 839 254 898 iambicos
276 839 456 917 septenarios
480 838 518 896 ad
542 857 605 897 eam
628 857 691 897 rem
710 836 840 909 adhibet,
860 837 892 895 in
912 835 1018 915 quibus
1035 851 1148 910 temen,
1168 835 1239 916 quod

15 939 24 955 ·
115 939 185 980 sane
199 921 303 979 mirum
318 930 372 991 est,
394 919 490 998 aliqua
505 919 669 979 Chremetis
682 920 771 979 verba
783 929 861 990 suut,
882 917 1031 998 pergentis
1044 937 1115 979 cum
1134 918 1238 979 Thaide

116 1001 251 1081 colloqui.
293 1001 393 1061 Locus
407 1011 451 1061 est
466 1019 524 1060 av.
541 1007 588 1061 13.

184 1119 245 1174 ΤΗ.
260 1120 289 1174 dt
300 1120 370 1174 enim
380 1137 452 1185 cave,
463 1137 499 1174 ne
510 1119 592 1191 prius,
604 1134 681 1191 quam
690 1118 760 1174 hauc
770 1135 786 1173 a
797 1134 841 1171 me
849 1112 972 1188 accipias,
984 1116 1100 1185 amittes,
1111 1117 1233 1174 Chreme:

184 1209 246 1246 nam
258 1186 326 1244 haec
338 1200 405 1258 east,
422 1207 500 1262 quam
512 1190 589 1245 miles
600 1208 617 1244 a
628 1206 671 1244 me
683 1191 709 1245 vl
722 1207 793 1243 nunc
805 1188 1018 1259 ereptdm'venit.

219 1262 313 1327 abitu,
331 1262 469 1325 cistellam,
485 1257 602 1328 Pithiae,
620 1261 701 1316 domo
714 1261 777 1314 effer
789 1277 850 1314 cum
862 1259 1051 1314 monumentis·

93 1364 98 1373 .
219 1333 279 1388 (ΙΙΙ.
301 1332 379 1387 viden
395 1344 426 1388 tu
447 1331 531 1399 illum,
557 1332 648 1398 Thais,
672 1332 729 1386 PY.
748 1331 794 1385 ubi
811 1329 905 1387 sitast?
923 1331 985 1386 ΤΗ.
1007 1331 1036 1385 in
1053 1330 1135 1390 risco.
1144 1331 1239 1399 odim

184 1473 244 1528 CH.
255 1402 469 1531 milcihhsrhsspecum
481 1472 516 1529 td
527 1484 556 1529 te
564 1482 676 1547 quantas
688 1457 777 1545 copias
789 1471 944 1529 addiscere?
1071 1458 1074 1463 ¹

114 1575 150 1633 ln
162 1576 306 1656 Adelphis
319 1577 358 1638 V.
372 1583 401 1649 8,
424 1583 473 1639 29.
487 1597 567 1657 seqq.
581 1597 669 1657 quem
682 1577 780 1636 locum
792 1577 938 1637 audacius
951 1576 1070 1636 refinxit
1083 1578 1236 1651 Bentleius,

114 1658 263 1718 meliorem
278 1658 354 1717 viam
367 1670 509 1718 monstrat
523 1659 589 1719 cod.
603 1658 684 1737 Lips.
696 1658 726 1716 in
738 1678 797 1736 quo
810 1671 876 1737 post
888 1659 1009 1718 verbum
1105 1669 1134 1731 st
1146 1680 1173 1719 v.
1193 1662 1236 1721 dd·

113 1738 178 1798 finis
199 1759 294 1798 scenae
313 1740 399 1820 hujus
421 1752 452 1799 et
464 1740 579 1800 initium
593 1739 741 1818 sequentis
754 1739 795 1798 ita
808 1739 968 1819 legunturt'
982 1750 1003 1780 ‘⁸
1056 1740 1109 1802 lc.
1121 1740 1236 1823 gaudeo.
1265 1764 1270 1807 ¹.

114 1827 135 1859 “
151 1821 230 1886 Quid
243 1821 319 1881 istuc
333 1821 459 1895 dabitur,
481 1820 717 1900 quandoquidem
733 1821 865 1890 hiovolt;
886 1821 958 1882 AES.
971 1821 1011 1879 mi
1020 1820 1120 1901 pater'r
1140 1823 1235 1887 DEM.
1267 1876 1270 1885 .

74 1890 79 1911 ‘
113 1909 136 1941 “
151 1901 240 1961 Nunc
254 1914 288 1961 tu
300 1904 339 1961 mi
355 1922 386 1962 es
399 1922 554 1980 germanus
568 1903 676 1981 pariter
690 1913 721 1962 et
734 1901 830 1961 auimo
845 1913 875 1962 et
889 1921 1029 1982 corpqre3
1050 1904 1130 1964 is.
1170 1905 1232 1983 Fac·

45 2006 48 2013 ·
114 1990 136 2120 Γ
150 1993 214 2042 tum
228 1995 273 2043 est
286 1984 365 2063 quod
375 1984 486 2063 jussisti
508 1985 654 2044 Demea.'’
696 1983 779 2044 Hine
802 1984 845 2044 ita
864 1983 1036 2048 scribendus
1058 1984 1173 2048 videtur
1192 1985 1233 2046 hit

125 2082 229 2128 ocusz.
338 2116 355 2123 ..
768 2097 771 2101 ⁴
1188 2084 1192 2091 '

186 2186 321 2258 postremo
332 2206 403 2244 nunc
412 2190 500 2245 meniu
512 2188 578 2244 illud
587 2191 695 2245 verbum
707 2148 785 2255 isicio,
802 2188 876 2261 quod
888 2197 926 2253 tu,
939 2187 1032 2254 Micio,
1055 2232 1058 2237 .

183 2259 252 2314 bene
264 2258 292 2323 et
305 2260 438 2332 sapienter
450 2261 517 2316 dixti
530 2260 644 2315 dudum:
663 2259 756 2315 vitium
765 2276 906 2314 commune
917 2258 1035 2314 bmnium
1047 2267 1099 2325 est,

184 2330 377 2454 quodcpltmium
390 2332 492 2386 adrem
503 2333 532 2385 in
545 2329 654 2387 senecta
666 2331 763 2386 attenti
773 2330 879 2386 sumust
897 2329 970 2399 hauc⁴
985 2329 1117 2385 manuam
1135 2326 1181 2399 nds
1193 2325 1235 2439 dt·¹

184 2466 299 2538 edissere,
307 2488 322 2528 t·
334 2471 435 2526 dictum
446 2469 568 2536 estsere,
586 2480 613 2526 et
625 2446 654 2526 re
667 2471 725 2542 ipsa
736 2471 798 2527 lieri
808 2481 925 2544 oportet.
935 2534 936 2539 .
960 2472 1015 2529 Mt
1026 2471 1141 2543 geddeo.

217 2539 508 2669 hudhffficffiw’
526 2541 1076 2669 ᾳῃάΜηῷΙεωὴῂνοΙιῇωίμψ.
1113 2658 1116 2662 Ι
1184 2634 1187 2639 Ι

303 2650 311 2667 .
370 2682 373 2689 Ι
445 2660 448 2667 .
491 2623 882 2685 germanusparusramnroet
926 2631 1014 2686 rpora.

110 2713 185 2782 Quae
197 2716 329 2795 sequitur
342 2700 441 2787 scena,
462 2717 524 2778 hoc
536 2736 623 2778 versu
632 2698 754 2798 >incipite

108 2852 111 2857 ’
184 2840 237 2895 SY.
249 2839 298 2896 sud
310 2840 360 2896 sibi
369 2840 459 2912 gladio
470 2841 542 2895 hune
549 2840 653 2914 jugulo.
664 2839 762 2897 factum
775 2849 826 2908 est,
836 2839 914 2913 qudd
918 2841 1030 2915 jussisti,
1046 2812 1159 2903 desa.
1216 2838 1219 2845 '

68 3018 70 3022 Α
112 2941 253 3018 Neglexit
266 2944 458 3003 mutationem
473 2945 586 3005 numeri
600 2943 752 3004 Bentleius
765 2944 795 3002 in
810 2944 928 3007 Phorm.·
942 2946 1002 3018 ΙΙΙ,
1016 2953 1046 3019 2,
1070 2952 1119 3014 17.
1133 2953 1177 3009 18.
1186 2942 1224 3007 uti

83 3092 91 3107 .
111 3041 201 3101 quum
217 3023 350 3083 Phaedria
363 3037 432 3084 ante
451 3044 519 3084 cum
543 3025 677 3085 Dorione
697 3024 882 3104 colloquutus
903 3039 980 3087 esset
998 3029 1154 3090 trochaicis
1172 3047 1224 3106 sep·

111 3103 241 3183 tenariis,
251 3105 357 3165 deinde
366 3106 450 3188 solus
463 3126 563 3167 secum
572 3107 719 3166 fabulatur
729 3107 860 3167 iambicis
870 3108 1037 3184 octonariis,
1051 3110 1224 3191 aggrediente

111 3195 210 3247 tutem
223 3205 292 3246 eum
306 3187 479 3267 Antiphone
491 3188 589 3248 statim
603 3188 642 3248 ad
655 3188 819 3250 trochaicus
830 3189 919 3252 redite
1251 3188 1255 3195 ’

90 3378 94 3385 ¹
217 3320 304 3376 neque
315 3301 443 3376 A'ntipho
450 3305 599 3391 'aliajquum
608 3305 755 3377 detupatus
767 3305 837 3362 esset
848 3306 1036 3391 qollicitirdine,
1076 3336 1080 3343 ·

216 3376 338 3501 tunprpaopc
351 3377 410 3433 e'sse
422 3394 458 3430 mr
469 3377 603 3449 objectum
615 3377 722 3433 malum.
739 3376 800 3432 AN.
815 3379 879 3449 quud
896 3379 965 3434 istuc
981 3391 1072 3435 autem
1090 3392 1140 3449 est,
1157 3372 1226 3437 Phil·

106 3582 110 3587 ,
181 3518 240 3574 PH.
257 3517 495 3647 dtfprtuuatissime
506 3518 716 3590 AntiphohN.
734 3516 841 3590 egone?
864 3521 922 3591 Pil.
935 3521 980 3588 cui
991 3523 1065 3594 quod
1075 3525 1156 3593 amus,
1166 3520 1224 3580 doni

255 3607 283 3645 es
1090 3618 1093 3623 ·

112 3693 193 3753 Male
208 3693 248 3753 ibi
264 3695 414 3756 Bentleius
427 3664 611 3775 prioresduo
631 3666 730 3755 versus
748 3662 917 3755 trochaicus!
935 3714 999 3755 esse
1019 3699 1120 3769 voluit,
1142 3695 1226 3781 primii
1250 3754 1255 3761 .

111 3775 228 3852 syllabis
243 3775 405 3837 iuvocibus
420 3777 827 3858 Antiphonem-correptis.
1218 3802 1222 3817 ·

150 3861 179 3916 5.
203 3857 355 3936 Singulare
369 3869 423 3930 est,
446 3859 525 3953 quod
538 3879 625 3938 saepe,
646 3860 696 3918 ubi
708 3859 756 3919 vel
770 3858 951 3918 enumeratio
964 3859 1062 3939 aliqua
1081 3863 1226 3923 multam

112 3952 232 4077 'tergmt
241 3939 358 4082 upplalpa
370 3937 526 4079 qescrrptro
538 3942 667 4018 ponitur,
686 3940 793 4000 mutari
806 3959 944 4000 numerus
957 3941 1042 4001 solet.
1063 3942 1111 4002 lta
1121 3943 1229 4005 Pausa

111 4034 141 4073 m
183 4036 242 4095 ap.
305 4064 313 4080 .
346 4062 355 4091 ,
397 4060 404 4078 .
1222 4052 1226 4059 ·

184 4135 203 4190 J
204 4133 308 4205 irppiter
319 4137 450 4211 supreme,
467 4155 555 4193 servas
567 4137 619 4203 md,
636 4154 708 4194 meas
726 4154 760 4194 ue
772 4138 852 4212 auges
864 4156 937 4211 opes.
1222 4144 1227 4153 '

180 4202 316 4264 maxumas
363 4211 371 4228 ¹
401 4207 664 4281 'tatesdpiparasque
729 4211 840 4277 rsmihi,

217 4275 333 4345 laudem,
360 4298 461 4347 uorum,
477 4279 580 4347 ludiim,
592 4282 694 4350 jocum,
710 4281 891 4347 festivitatem,
908 4279 996 4347 ie‘rias,

208 4349 343 4421 pompaim,
358 4369 466 4424 penum,
483 4351 646 4425 potdtiones,
663 4352 839 4421 situritatem
856 4352 988 4426 gaudium·
