2694 4866
121 302 184 362 288
468 291 549 357 LIB.
570 290 611 358 II.
635 290 727 359 CAP.
749 294 906 362 XXXVII.

121 462 251 524 dendtun
263 459 376 519 hIatum
395 461 503 538 eulpa,
523 461 592 532 du.
613 467 664 524 41.
706 462 830 524 Sedetai
843 463 875 521 in
897 461 1079 545 diphthongo
1103 482 1147 544 pn

120 542 217 604 lriatua
237 543 267 602 in
281 542 339 600 hoc
357 559 464 619 genere
485 543 620 602 carminis
632 543 806 618 admittitur,
825 562 927 604 vereor
941 555 1048 616 mmen,
1072 548 1147 608 utin

118 625 242 705 syllaba,
263 622 355 702 qualia
367 623 431 681 haec
445 635 498 691 est,
513 625 653 703 probatus
665 626 764 685 suerit.

165 711 213 767 11.
235 705 367 766 Maxime
385 724 454 764 vero
468 704 540 764 illud
559 707 746 766 memorabile
760 718 814 778 est,
836 706 915 787 quod
928 707 1035 787 singuli
1047 710 1141 788 pedes

117 786 305 929 suobproprio
319 802 441 845 numero
463 798 610 927 mill,
629 807 725 882 neque
744 808 797 867 per
818 789 1079 885 choriambumvel
1099 793 1147 872 dip

120 871 1147 1030 &tritttl„{tulitin„tissl1“lt‚¹²l¹ni²tt:⁸itltt‘¹'

122 1032 270 1092 ordinibus
284 1030 462 1110 compositus
475 1048 538 1091 ease
551 1029 601 1090 hic
614 1051 713 1091 versus
726 1032 874 1110 putandus
887 1033 974 1106 foret,

200 1145 427 1230 .’.ι.’...-
456 1145 562 1211 Δ...
598 1146 850 1230 ηπ-..

215 1305 225 1333 Ὶ
320 1307 328 1332 Ι
502 1307 511 1333 Ι
607 1307 617 1333 Ι
708 1310 717 1336 Ι

200 1309 428 1392 -υΙ-υ-
455 1343 562 1374 U-U
591 1311 852 1393 —Ul-U--U

118 1436 219 1485 tamen
232 1423 343 1503 syllaba
351 1441 469 1503 anceps,
491 1443 557 1502 quae
571 1424 601 1482 in
614 1424 700 1504 primi
712 1426 849 1504 tertiique
862 1427 943 1506 pedis
957 1427 1016 1487 fine
1026 1428 1147 1489 inveniti

21 1566 23 1581 ,
119 1505 185 1584 quia
198 1504 334 1583 exempla
347 1508 409 1583 ejus
423 1516 560 1584 corrupta
573 1524 636 1566 esse
647 1507 816 1581 contendat,
825 1509 926 1580 viocit,
939 1520 973 1568 ut
982 1510 1014 1567 hi
1024 1512 1147 1590 patim

120 1585 316 1644 constituendi
330 1586 397 1661 sint,

217 1716 226 1745 Ι
286 1716 295 1742 Ι
407 1718 415 1743 Ι
476 1718 485 1744 Ι
608 1721 617 1746 Ι
676 1720 685 1746 Ι
798 1720 807 1746 Ι

200 1767 242 1780 ...
270 1749 367 1785 ...νῦ
391 1769 432 1782 .-
460 1749 557 1784 -uz
593 1722 755 1805 ..Ι-υτ
782 1755 855 1787 ..υ

200 1883 551 1967 -ῦΙι-ῦΙ-ῦΙ-ν
735 1926 751 1947 ν

119 2010 256 2089 quoniam
269 2011 379 2091 syllaba
392 2031 499 2091 anceps
512 2011 586 2069 finiti
600 2009 707 2069 ordinis
721 2009 811 2069 index
825 2023 877 2070 est.
920 2009 995 2070 Sunt
1004 2024 1104 2072 autern
1115 2032 1147 2071 ea

117 2091 173 2152 ista
185 2092 216 2150 in
229 2092 323 2171 primo
336 2092 411 2172 pede
425 2113 452 2152 v.
471 2099 518 2152 14.
532 2104 562 2152 et
577 2097 625 2155 58.
640 2112 697 2171 quo
712 2092 813 2151 referri
827 2092 1026 2171 potestatium
1040 2113 1067 2152 v.
1088 2101 1119 2156 5.
1139 2115 1147 2150 r

116 2173 176 2234 hoc
189 2179 310 2235 παλαιῶν
323 2174 448 2234 mediam
462 2176 579 2234 brevem
593 2174 692 2241 haben
715 2173 744 2231 in
758 2173 844 2232 tertio
857 2172 931 2252 pede
945 2192 972 2232 v.
986 2175 1036 2236 76.
1053 2175 1104 2252 qui
1118 2195 1147 2232 m

116 2254 168 2327 vit,
189 2266 224 2315 ut
236 2256 323 2316 etiam
336 2276 363 2315 v.
377 2261 428 2317 64.
439 2257 519 2316 πάλιν
533 2255 706 2324 retinerem,
726 2266 766 2326 et,
787 2253 857 2315 licet
870 2273 908 2315 ex
921 2255 1136 2329 emendatione,

117 2334 178 2412 Qui
190 2354 289 2396 semus
303 2355 392 2416 quum
405 2337 447 2396 sic
460 2337 539 2416 apud
554 2336 702 2397 Stobaeum
714 2335 839 2414 legatur,

196 2452 277 2530 paim
288 2452 340 2512 ἰπὶ
353 2455 462 2530 τίχιίης
476 2481 524 2525 τις,
545 2459 632 2532 tironii
641 2455 768 2518 manian
777 2457 862 2526 αὐτόν,

116 2566 141 2626 si
155 2566 219 2648 quis
232 2569 307 2629 adst»
320 2567 512 2628 omittendum
527 2567 666 2639 censebit,
688 2568 831 2629 laborabit
843 2568 947 2629 tertius
965 2587 1026 2646 pes,
1049 2567 1144 2647 utqui

115 2649 227 2729 syllaba
239 2648 369 2730 incipiet,
383 2651 462 2730 quod
476 2669 615 2729 negamus
628 2649 690 2708 fieri
700 2669 802 2729 posse;
822 2649 867 2709 sin
877 2648 946 2708 satis
957 2669 1020 2708 esse
1031 2649 1147 2728 aliquisr

115 2737 155 2801 ela
168 2731 270 2803 deleri,
290 2732 320 2790 in
335 2731 421 2792 tertia
430 2731 500 2792 sede
513 2732 593 2826 prlor
606 2731 751 2790 trochaeus
764 2732 859 2790 thesin
873 2730 993 2791 habebit
1007 2749 1047 2789 ex
1054 2730 1147 2788 duabu

116 2813 225 2873 viltuss
246 2812 338 2885 llabis,
360 2815 439 2893 quod
454 2824 484 2874 et
498 2833 560 2872 arne
574 2813 709 2891 exemplo
723 2824 777 2884 est,
799 2824 829 2872 et
844 2831 982 2871 concessa
995 2811 1051 2870 hac
1064 2810 1147 2869 licent

117 2894 206 2953 mium
220 2834 341 2953 difficilis
355 2894 468 2954 reddita
481 2895 557 2952 foret
570 2894 713 2954 recitatio.
756 2893 824 2953 Non
838 2893 946 2952 rectius
960 2893 1025 2970 quis
1048 2892 1147 2970 syllaba

116 3001 157 3042 ης
171 3001 209 3042 τις
223 2981 274 3035 iso
287 2995 340 3054 pro
354 2975 467 3047 duobus
481 2974 615 3034 trochaeis
628 2974 744 3034 habeat.
785 2977 885 3039 Quare
905 2972 974 3032 mibi
999 2971 1147 3052 probabili

115 3074 179 3133 sum
194 3066 248 3127 est,
262 3075 375 3115 versum
390 3056 477 3115 iatum
491 3054 533 3115 sic
546 3055 732 3115 scribendum
746 3073 829 3116 esse:
933 3114 941 3133 ,

195 3171 275 3250 pipat
290 3174 341 3234 ital
353 3175 474 3251 τιχνίπκ,
490 3179 576 3250 brozi
589 3174 703 3240 πεποίηκ’
715 3172 798 3234 arisit.

116 3286 287 3366 Elegantius
300 3298 397 3348 tamen
411 3298 455 3349 est
468 3287 564 3348 brevis
577 3300 645 3348 ante
660 3288 794 3348 ultimum
808 3288 968 3346 trochaeum
978 3286 1102 3367 syllaba:
1115 3301 1146 3361 qu

114 3369 227 3429 tantilla
250 3369 421 3440 mutatione,
442 3380 475 3428 ut
495 3390 523 3430 v.
545 3375 572 3428 8.
586 3371 636 3429 ubi
649 3371 737 3448 vulgo
750 3369 852 3429 iricio
865 3369 983 3447 legitur,
1006 3366 1115 3427 restitui
1127 3382 1147 3441 p<

19 3448 22 3453 ’
113 3451 177 3529 quis
191 3451 345 3524 dubitabit,
366 3450 513 3531 praelatam
527 3470 591 3510 eam
606 3471 623 3510 a
636 3452 731 3529 politis
744 3450 827 3509 esse?

155 3535 203 3592 12.
224 3531 318 3592 Venio
339 3534 377 3592 ad
397 3533 532 3595 Latinosa
553 3552 591 3591 ex
616 3533 720 3610 quibus
744 3531 952 3593 Terentianum
978 3529 1122 3596 Maurum,
1144 3546 1147 3575 ⁴

113 3613 319 3694 elegantissimi
334 3614 453 3674 Sotadei
466 3625 542 3682 sunt,
557 3624 709 3693 praetereo,
725 3624 755 3671 et
768 3613 864 3692 potius
875 3613 913 3672 ad
926 3612 1143 3671 veterrimosne

113 3707 207 3766 verto,
228 3695 355 3754 Ennium
370 3706 401 3754 et
417 3696 565 3755 Plautum.
605 3697 706 3773 Atque
721 3695 848 3753 Ennium
864 3693 981 3772 quidem
996 3693 1026 3750 in
1040 3689 1147 3751 satirisu

116 3777 242 3836 Sotadeo
256 3795 340 3835 usum
350 3775 449 3845 videri,
472 3777 674 3856 aquibusdam
689 3776 872 3834 observatum
885 3787 941 3834 est.
981 3774 1099 3844 Versus,
1117 3781 1147 3844 qu

112 3855 188 3916 hanc
202 3876 264 3917 rem
278 3857 411 3930 afferunt,
432 3863 555 3919 servavit
570 3857 683 3918 Gellius
697 3857 813 3918 XVIII.
828 3860 857 3915 2.

183 3973 244 4029 mim
253 3975 298 4047 qui
307 3973 395 4045 lepide
406 3974 524 4046 postulat
532 3975 646 4032 {alterum
654 3974 783 4036 frustrari.

182 4045 259 4117 quem
272 4045 420 4109 frustratur,
437 4044 533 4099 frustra
544 4049 605 4100 elim
617 4047 683 4101 dicit
693 4046 790 4100 frustra
802 4043 872 4100 isse:
893 4043 954 4098 nim
967 4044 1013 4115 qui

181 4115 240 4170 sese
248 4115 367 4170 frustrari
380 4133 458 4190 quem
467 4114 565 4170 lrristra
575 4115 664 4183 sentit,
681 4118 727 4189 qul
738 4116 890 4182 frustratur,

181 4185 203 4239 is
214 4184 311 4242 frustra
323 4187 373 4253 est,
388 4186 498 4242 nonllle
510 4197 551 4243 est
562 4184 658 4242 lrlratra
675 4229 683 4244 .
703 4227 711 4244 .
730 4228 737 4244 .
753 4227 763 4252 Ἴ.
783 4224 789 4237 .
809 4227 817 4242 .

111 4287 190 4348 Nihil
205 4300 302 4352 tamen
315 4274 441 4354 tribuam
455 4290 524 4358 huic
536 4290 613 4368 loco,
635 4304 666 4352 ut
681 4292 731 4372 qui
745 4312 805 4354 non
815 4294 925 4371 majore
936 4289 1062 4374 operain
1072 4275 1147 4348 trocb
