2694 4866
295 258 356 320 oa
381 212 921 347 anarasmcrs'nmsrma
1132 226 1195 332 'aa

77 426 118 489 iad
132 447 207 509 quae
229 425 358 489 indidem
378 428 493 489 Nonius
507 449 537 508 p.
553 434 622 492 169.
636 427 729 502 affert,
749 447 819 503 non,
838 439 882 506 ut,
896 428 1071 514 quibusdam
1094 430 1187 493 visum
1288 475 1292 485 .

77 521 112 586 st,
125 510 274 592 anapesti,
288 510 341 571 sed
354 509 441 571 iambi
454 523 540 572 sunt:
1131 556 1135 561 -

338 637 369 683 ut
381 638 516 684 cremento
528 645 640 699 corpora

125 703 223 826 fiecrtggrt
233 701 334 772 majora
344 718 433 771 parvo,
446 710 475 755 nt
487 710 565 756 suctu
578 698 698 755 candido

77 877 227 935 demorato
241 875 360 954 dignum
373 877 568 953 fragmentum
585 886 630 934 est
653 873 784 952 ejusdem
798 890 837 932 ex
851 871 942 932 Dolio
964 872 1044 952 apud
1057 872 1188 933 Probum

77 957 96 1014 d
109 957 212 1034 Virgil.
227 955 292 1017 Ecl.
303 957 356 1015 Vl.
369 967 513 1016 tentatum
528 975 545 1015 a
559 957 702 1016 Turnebo
716 955 754 1015 ad
767 955 855 1014 Varr.
870 954 907 1014 de
921 953 959 1014 L.
973 953 1010 1017 L.
1023 958 1094 1041 ps.
1107 953 1187 1036 quod

77 1036 271 1099 mendandum
285 1037 347 1097 allis
360 1037 529 1116 relinquam.
574 1037 615 1097 Et
634 1038 666 1097 in
680 1041 855 1133 Immonis
869 1056 899 1118 p-
918 1038 987 1100 148·

372 1171 403 1215 ut
420 1161 506 1216 sidera
518 1162 575 1216 caeli

127 1231 226 1297 divum,
238 1231 336 1287 circum
346 1242 443 1287 terram
456 1242 535 1303 atque
548 1250 626 1287 axem

128 1320 188 1374 quae
200 1302 341 1359 volvuntur
352 1314 428 1358 motu
446 1306 542 1359 orbito.

77 1404 103 1466 it
116 1426 147 1485 p.
158 1410 209 1466 69.
224 1416 254 1465 et
269 1409 338 1469 283.

128 1520 168 1575 nil
180 1530 242 1575 sunt
254 1521 341 1575 Musae
354 1521 458 1591 pollicis
469 1531 576 1590 vestm,

129 1610 194 1663 quas
202 1592 300 1645 aerifice
318 1592 402 1647 duxti.

77 1691 102 1753 lt
122 1693 153 1751 in
168 1695 382 1774 Cosmotoryne
398 1696 477 1774 apud
490 1695 619 1754 Nonium
633 1715 662 1774 p.
678 1699 747 1756 234.

129 1809 199 1864 detis
210 1809 326 1865 habenas
338 1811 433 1865 animae
444 1811 509 1877 leni,

131 1880 196 1934 dum
207 1891 302 1936 ventus
313 1899 361 1936 nos
373 1882 479 1936 flamine
492 1882 559 1938 audo

201 1968 307 2008 suavem
320 1953 354 2006 ad
367 1953 478 2024 patriam
490 1952 620 2024 perducit.

77 2050 142 2113 ltin
156 2053 369 2114 Eumenidibus
383 2055 468 2133 apud
482 2055 611 2115 Nonium
625 2077 654 2136 p.
668 2061 740 2118 390.

129 2171 212 2226 tertia
223 2190 359 2242 poenarum
372 2171 479 2227 infamia
496 2183 568 2228 stans

129 2261 203 2298 nexa
213 2243 241 2295 in
259 2243 329 2313 vulgi

131 2324 253 2385 pectore,
264 2314 410 2369 fluctuatim
429 2314 536 2370 intonsa
554 2333 630 2370 coma

133 2384 243 2440 sordida
255 2386 362 2452 vestitu,
372 2403 419 2441 ore
431 2404 534 2442 severo.

77 2483 115 2546 lic
128 2488 198 2547 edd.
212 2498 285 2549 vett.
325 2489 386 2548 Alii
388 2489 560 2568 fluctuanti,
585 2488 664 2549 unde
672 2487 812 2568 fluitanti
834 2487 992 2570 conjicias:
1015 2507 1083 2568 quae
1104 2488 1193 2549 verba

77 2581 279 2629 ommutantur
292 2570 380 2629 etiam
393 2571 471 2642 alibi,
486 2583 520 2630 ut
532 2571 611 2651 apud
626 2571 773 2631 Catullum
784 2572 814 2628 in
829 2570 960 2651 Epithal.
973 2570 1037 2631 Pel.
1051 2576 1101 2634 68.
1134 2571 1193 2632 Sed

77 2652 161 2710 nescio
174 2669 213 2709 an
227 2662 344 2729 praestet
357 2652 589 2731 antiqualectio.
882 2668 886 2677 “

105 2739 154 2793 19.
175 2732 377 2792 Liberioribus
391 2734 555 2812 anapaestis,
565 2745 595 2794 et
608 2733 779 2794 nominatim
792 2732 956 2814 spondiacis
970 2733 1058 2794 etiam
1072 2731 1193 2793 Latinos
1230 2776 1243 2802 s

77 2814 192 2889 ragiens
214 2833 281 2873 usos
305 2834 378 2888 esse,
401 2825 484 2875 tanto
507 2816 619 2877 facilius
644 2816 771 2886 credam,
791 2814 870 2894 quod
890 2815 994 2875 horum
1015 2815 1150 2894 exempla
1163 2833 1195 2873 e·

77 2890 133 2953 iam
158 2896 188 2953 in
204 2896 347 2973 comoedia
372 2896 568 2959 inveniuntur.
609 2899 699 2958 Certa
716 2897 834 2976 quidem
859 2916 898 2957 ex
920 2896 1039 2976 tragicis
1061 2895 1197 2976 exempla

77 2989 122 3034 ton
135 2977 232 3036 habeo
247 2997 311 3055 quae
324 2977 441 3037 afferam
453 3003 461 3037 ι
473 2979 526 3038 sod
539 2980 563 3038 si
577 2998 594 3038 e
616 2998 734 3038 caeenrae
757 2977 944 3061 neglectione
966 2975 1064 3056 colligi
1086 2977 1194 3057 aliquid

77 3069 173 3130 estest,
189 3058 302 3121 Ennius
316 3058 373 3118 hoc
387 3079 494 3138 genere
510 3080 578 3122 usus
598 3071 660 3123 est:

135 3177 215 3231 tectis
228 3175 328 3231 caelatis
339 3162 483 3248 laquearia

133 3265 208 3313 auro,
218 3251 299 3302 ebore
310 3248 468 3303 mensorum
485 3248 600 3318 regifice.

77 3334 236 3489 &lipperae
250 3351 377 3430 pretium
387 3352 506 3424 facient,
518 3353 568 3431 qui
582 3353 638 3412 ista
650 3352 815 3432 fragmenta
827 3348 996 3429 diligentius
1009 3347 1195 3410 considerare

77 3434 106 3484 lu
150 3445 172 3493 t.

109 3517 154 3574 m.
171 3515 324 3574 Difficilior
338 3514 374 3574 da
399 3515 517 3574 comicie
535 3515 649 3575 Latinis
673 3514 795 3594 quaestio
809 3526 863 3575 est.
906 3511 1062 3574 Terentius
1076 3511 1196 3591 quidem

77 3598 208 3673 inquam
222 3615 291 3656 usus
305 3607 350 3654 est
364 3596 532 3674 anapaestis;
548 3598 669 3656 Plautus
690 3610 787 3657 autem
801 3595 974 3674 sepissime:
994 3595 1046 3653 sed
1060 3611 1132 3671 quos
1145 3593 1195 3652 hic

77 3659 164 3748 'luen
178 3697 239 3737 non
252 3676 346 3737 solum
359 3678 506 3756 elegantia
528 3679 653 3737 multum
678 3680 787 3739 cedunt
800 3677 867 3751 illis,
888 3693 960 3756 quos
973 3676 1004 3734 in
1017 3673 1196 3754 tragicorum

77 3712 236 3971 &wll
255 3759 398 3832 videmus,
412 3760 555 3839 sedsaepe
575 3758 696 3819 dubium
710 3772 765 3832 est,
779 3778 817 3818 an
832 3759 994 3818 tetrametri
1008 3757 1075 3817 sint.
1116 3754 1195 3815 Nam

97 3838 100 3843 ’
192 3841 312 3907 modum
336 3841 366 3898 io
388 3841 544 3900 trochaicis
564 3851 653 3920 atque
676 3841 807 3901 iambicis
830 3841 957 3900 numeris
980 3838 1079 3898 Latini
1092 3847 1196 3898 contra

105 3934 239 3979 meorum
255 3922 421 4000 exemplum
438 3933 622 3982 tetrametros
636 3924 813 3984 acatalectos
825 3924 970 3993 fecerunt,
994 3922 1036 3980 ita
1058 3938 1118 3980 non
1141 3921 1196 3979 du·

81 3986 146 4057 lium
160 4015 215 4073 est,
240 4004 316 4061 idem
336 4023 354 4061 a
369 4003 487 4062 comicis
500 4004 610 4063 iactum
625 4024 687 4064 esse
701 4006 731 4063 in
745 4006 872 4064 numeris
885 4002 1082 4083 anapaesticis..
1119 4001 1196 4061 Sunt

77 4082 164 4140 lamen
185 4084 243 4142 loci
264 4085 293 4140 in
311 4085 405 4142 Plauti
419 4084 534 4158 fabulis,
550 4105 622 4163 quos
636 4075 766 4147 dimet'ris
786 4080 893 4165 potius,
907 4105 994 4164 quarn
1018 4083 1204 4159 tetrametrisr

77 4162 189 4242 scriptos
204 4184 267 4223 esse
289 4165 426 4224 credibile
440 4167 487 4226 sit.
529 4167 723 4228 Memorabile
747 4180 791 4228 est
815 4179 923 4237 autem,
946 4165 1198 4226 continuationem

77 4246 190 4316 numeri,
213 4248 283 4318 sive,
304 4258 338 4304 ut
360 4248 458 4306 Graeci
479 4259 595 4320 vocant,
616 4251 760 4323 coadorans,
781 4269 799 4309 a
820 4247 926 4306 Plauto
945 4248 1110 4327 neglectam
1124 4263 1197 4304 esse.

77 4322 256 4410 Omninoque
269 4328 319 4390 ille
332 4348 391 4394 non
405 4329 456 4416 ita,
471 4341 505 4398 ut
529 4330 643 4424 tragici,¹
664 4330 800 4410 legitimis
823 4330 986 4409 systematis
1006 4327 1131 4402 inhaesit,
1144 4323 1197 4387 sed
1308 4398 1313 4418 .
