2694 4866
170 320 211 386 rs
429 292 435 305 '
557 314 639 375 nra.
660 313 702 375 11.
723 313 816 374 cnr.
838 312 922 372 xlv.

171 486 251 549 unde
266 484 413 563 digressus
426 502 500 543 snm.
543 484 744 562 Anapaestnm‚
770 483 820 561 qui
843 483 874 541 in
897 482 992 562 primo
1014 478 1090 560 pede
1103 496 1143 539 ex
1157 478 1297 558 augmenti

172 568 342 630 accessione
356 577 535 636 nasceretur,
551 565 581 622 in
595 565 641 624 his
656 577 771 625 tantum
784 564 857 625 locis
871 563 1035 625 observavi:
1050 565 1080 621 iu
1094 561 1197 640 Eurip.
1214 559 1296 620 Herc.

170 651 232 711 sur.
244 653 315 713 458.
335 647 415 728 quod
428 646 661 726 antiquissimum
681 647 849 726 exemplum
863 665 927 707 esse
939 656 1023 726 puto,

251 772 329 835 'sitast
341 774 385 850 pit
399 779 476 850 ὑμεῖς,
491 774 618 849 suaptim
631 770 654 832 δ’
668 771 821 855 &godaim

174 888 293 948 Deinde
306 887 336 945 in
352 887 505 966 Sophoclis
521 885 690 955 Philoctete
700 907 727 946 r.
742 891 813 948 544.

254 1004 358 1065 iaihtar’
372 1003 426 1082 ἐμοί
438 1029 474 1075 rt,
489 1012 539 1065 sro‘ri
551 1007 631 1086 angria
645 1002 700 1076 tiae,
716 1004 822 1086 φρίσσει.

175 1120 312 1199 Denique
326 1119 357 1176 in
372 1118 519 1197 Euripidis
535 1118 660 1177 Bacchis
673 1137 701 1178 v.
717 1121 820 1187 1293.

255 1240 364 1315 ἐμάνητε,
381 1238 494 1297 11661ίὲ
508 1235 679 1316 ἐξεβακχεύθη
698 1236 783 1304 viare.

218 1361 265 1415 14.
288 1353 459 1423 Trimetros,
474 1355 524 1432 qni
539 1354 568 1411 in
594 1353 703 1413 melicis
725 1351 934 1431 tragoediarum
955 1350 1085 1429 partibus
1109 1350 1295 1418 invenirentur,

175 1447 353 1515 snapaestum
371 1434 525 1493 admittere
548 1434 601 1493 sibi
625 1446 829 1513 persuaserant
843 1433 1012 1494 Lobeclrius
1033 1444 1063 1492 et
1084 1429 1250 1496 Erfurdtins
1267 1429 1297 1489 116

177 1518 268 1596 Soph.
285 1518 335 1597 Aj.
351 1520 420 1580 705.
445 1515 547 1598 (697.)
573 1516 658 1595 eique
672 1516 825 1576 sententiae
840 1515 985 1576 calculum
999 1515 1149 1594 adjecerat
1164 1512 1298 1572 Seidlerns

65 1670 67 1676 y
174 1600 206 1661 io
230 1598 354 1678 epistola
376 1597 414 1657 ad
435 1597 618 1657 leobechium
642 1610 708 1676 post
730 1599 817 1678 hujus
841 1601 965 1678 Ajacem
989 1618 1019 1676 p.
1037 1601 1115 1656 488.
1148 1595 1296 1655 runnu
1337 1607 1341 1657 ζ

177 1693 289 1743 temere
303 1680 432 1758 rejiciam
445 1679 611 1757 hujusmodi
627 1681 871 1739 observationem:
892 1691 923 1738 at
943 1679 1080 1737 maxime-
1092 1689 1193 1736 manen
1205 1676 1298 1735 mim

177 1763 265 1834 foret,
280 1761 310 1819 in
325 1773 424 1832 cantu,
441 1762 490 1840 qui
513 1765 653 1840 maJorem
677 1761 797 1840 requirit
820 1761 1005 1820 severitatem
1026 1777 1226 1832 numerorum,
1245 1755 1298 1836 pl·

179 1843 316 1914 licentiae,
342 1862 427 1922 quam
453 1845 483 1899 in
506 1843 640 1903 diverbiis
663 1862 836 1902 concessum
858 1862 930 1903 esse.
973 1843 1049 1901 Nam
1072 1840 1153 1921 quod
1176 1839 1298 1906 afferunt,

177 1925 296 1985 omnino
320 1923 503 1984 liberioribus
528 1926 655 1983 numeris
679 1925 907 2002 antistrophicos
930 1923 1078 1983 trimetros
1102 1920 1252 1994 incedere,
1272 1914 1298 1975 it
1335 1930 1341 1935 ·

179 2008 268 2086 longe
282 2005 361 2065 aliud
375 2017 431 2077 est,
445 2017 476 2064 et
489 2006 615 2065 adsolas
629 2006 758 2084 pertinet
771 2006 941 2078 solutiones,
956 2025 1033 2084 qua,
1046 2003 1254 2063 modulatione
1263 1999 1297 2058 ia·

179 2088 362 2161 tercedente,
376 2087 464 2147 etiam
478 2088 621 2170 eJusmodi
636 2089 790 2147 verborum
805 2088 1013 2147 collocationes
1033 2086 1169 2145 excusari
1190 2085 1295 2163 pamas

179 2172 280 2251 quales
294 2169 441 2230 recentior
455 2170 599 2250 tragoedia
611 2171 641 2227 ln
655 2170 724 2250 ipsis
738 2170 873 2229 diverbiis
887 2169 1016 2230 admisit:
1031 2166 1183 2247 dequibus
1197 2166 1297 2225 dicetur
1334 2162 1341 2167 ’

178 2272 270 2332 segra.
288 2257 336 2314 15.
378 2253 528 2330 Exemplis
543 2263 623 2311 certe
649 2251 796 2331 anapaesti,
822 2271 887 2330 quae
910 2251 1080 2322 afferuntur,
1104 2268 1164 2307 non
1187 2247 1297 2306 multam

179 2335 314 2393 tribuam.
358 2334 434 2392 Sunt
447 2352 483 2391 ea
496 2335 574 2392 haec:
600 2333 734 2412 AEschyli
756 2334 786 2391 in
812 2333 894 2411 Sept.
907 2329 944 2392 ad
960 2332 1017 2392 Th.
1030 2335 1100 2393 985.
1118 2329 1224 2411 (997.)
1240 2330 1298 2403 990
1329 2356 1341 2365 „

178 2415 210 2473 in
224 2416 321 2474 Persis
338 2419 426 2474 lota.
442 2419 530 2474 1059.
546 2414 647 2491 Suppl.
663 2421 732 2476 800.
756 2415 908 2492 Sophoclis
922 2408 1058 2494 inAjace
1072 2433 1100 2474 v.
1113 2415 1184 2477 704.
1198 2411 1228 2470 in
1241 2404 1297 2470 OEd
1331 2446 1334 2451 ·

182 2496 246 2558 Col.
263 2500 351 2557 1466.
392 2494 540 2572 Euripidis
554 2494 584 2552 in
600 2495 725 2554 Bacchis
742 2501 830 2558 1158.

259 2613 370 2692 fibulati
383 2612 407 2672 τ’
424 2611 541 2694 'Egnatia
556 2609 736 2689 ἦμεγαισθινής
751 2641 788 2681 τις
802 2613 831 2675 εἴ.

261 2697 376 2756 ἀπώλεσε
390 2694 462 2763 dica,
477 2699 523 2754 sai
536 2700 564 2754 ri
585 2692 653 2754 sotl'
673 2696 789 2767 61660161.
866 2757 872 2769 ,

262 2774 346 2848 distre,
359 2774 433 2837 latin
447 2782 532 2854 πῆμα,
547 2783 608 2859 argis
621 2774 711 2855 dipsas
725 2775 747 2836 δ’
761 2778 808 2840 llo.

261 2865 308 2919 aul
323 2858 399 2940 rrigr’
413 2855 519 2940 digerri,
533 2860 652 2928 κάπιβόα
666 2865 693 2919 τὸ
710 2858 814 2920 Mirm.

262 2946 326 3022 argis
341 2937 365 2997 ‘ir
381 2939 436 3012 νὲφη
450 2936 481 2999 δι’
496 2937 592 3020 dignati
606 2941 719 3012 γίνηται
739 2942 810 3018 χιών.

262 3020 336 3080 ’ἔλυσε
349 3025 401 3100 yoig
415 3026 478 3079 airis
493 3019 559 3096 ἶίχος
574 3021 852 3105 ἁπ’ὄμμ1ίτων”Αςης.·

225 3165 228 3170 ,
262 3101 361 3175 ξ’πληξκ
375 3103 466 3177 θυμόν·
480 3100 583 3182 adgressis
597 3106 648 3185 ydg
663 3106 789 3184 iurganti.

161 3260 165 3264 λ
263 3191 303 3244 cit
317 3193 361 3244 τοῦ
374 3182 505 3265 δράκοντος
519 3183 631 3256 ἐκγενέτα
644 3197 688 3246 τοῦ
711 3185 828 3252 neritus·

156 3363 159 3369 ‚
185 3253 242 3358 His
256 3298 324 3357 addi
337 3309 435 3377 posset
449 3297 573 3357 dimeter
587 3297 616 3356 in
633 3300 728 3359 Persis
743 3304 813 3362 559.

266 3417 399 3501 ὅμὸπτκοι
412 3414 574 3487 anstistite,

184 3531 223 3591 66
244 3549 403 3610 quosupra
416 3529 528 3589 dictum
542 3551 571 3608 p.
586 3537 636 3592 53.
678 3533 738 3594 Sed
762 3553 801 3592 ex
824 3532 962 3593 trimetris
987 3532 1048 3594 istis
1071 3532 1193 3614 primus,
1214 3529 1302 3615 quib¹

186 3612 369 3692 antistropha
382 3632 421 3671 ex
435 3611 537 3672 iisdem
552 3615 646 3673 verbis
660 3626 786 3685 constat,
810 3635 869 3673 non
883 3628 927 3675 est
941 3616 1089 3694 legitimus
1102 3616 1243 3688 trimeter,
1259 3612 1295 3677 «a.

186 3715 243 3775 que
257 3695 329 3752 nihil
342 3695 458 3774 probat.
501 3696 598 3767 Quem
620 3715 735 3755 versum
758 3696 833 3755 male
847 3699 983 3760 tractarit
998 3697 1094 3757 editor
1114 3694 1296 3778 Glasguena't

188 3796 289 3854 quum,
304 3776 384 3856 quod
397 3776 513 3854 sequuti
526 3788 594 3836 sunt
616 3777 675 3851 alii,
690 3778 788 3838 deleta
811 3778 918 3857 copula
940 3780 1055 3858 scripsit
1074 3781 1208 3858 piamr',’
1298 3810 1303 3829 ÷
1333 3810 1341 3815 ·

187 3869 221 3915 ut
235 3857 307 3917 illud
320 3857 496 3938 adjectivum
509 3877 569 3917 non
590 3860 628 3919 ad
640 3861 756 3942 ’aetitia
773 3861 825 3919 sed
839 3860 876 3920 ad
890 3861 1059 3940 praecedens
1075 3861 1182 3923 oram
1196 3865 1296 3924 maro

187 3937 324 3997 ferretur.
367 3938 536 3998 Secundum
559 3959 675 4000 versum
699 3943 944 4021 antistropharnm
972 3943 1137 4003 observatio
1164 3944 1298 4005 docetss

190 4018 304 4079 duobus
328 4019 470 4079 dochmiis
485 4023 679 4099 compositum
699 4042 773 4096 esse,
797 4025 1305 4106 61616111666611661111116111613010Ι

188 4100 224 4160 In
246 4101 343 4174 tertio,
358 4102 470 4180 quinto,
491 4102 615 4180 septimo
638 4123 723 4163 versu
747 4104 912 4167 adhibenda
935 4106 1051 4167 videtur
1074 4109 1257 4182 osseam,

188 4183 332 4243 monitum
347 4194 391 4242 est
405 4202 491 4261 supra
505 4204 535 4262 p.
548 4187 599 4244 54.
640 4185 768 4252 Quintus
779 4187 896 4264 quidem
909 4189 952 4248 sic
965 4178 1062 4248 editas
1076 4199 1121 4249 est
1135 4209 1154 4249 a
1167 4187 1305 4255 Tumete

187 4284 229 4324 ex
251 4265 431 4342 conjectura,
454 4277 487 4324 ut
509 4265 634 4327 videtur.
676 4270 834 4340 Porsonus,
857 4270 907 4350 qui
930 4271 961 4329 iu
983 4271 1065 4350 praef.
1088 4270 1126 4330 ad
1148 4271 1225 4333 Hec.
1243 4268 1341 4353 pa„

191 4345 263 4410 Aldi
275 4356 307 4407 et
317 4346 481 4408 Robortelli
490 4347 648 4411 lectionem
661 4347 683 4412 8
698 4348 803 4435 bigod,
819 4351 857 4414 de
870 4352 934 4414 solo
944 4362 1039 4415 metro
1052 4351 1206 4432 sollicitus,
1218 4340 1306 4438 repud
1328 4393 1341 4439 -,
