2694 4866
57 228 70 373 ,ξ
207 236 213 245 ’
274 264 357 326 tm.
378 263 421 323 11.
442 262 536 323 cna.
558 260 702 323 xxvnr.
717 262 776 322 on
791 263 932 328 vassu
952 265 1074 327 sono.
1176 274 1234 333 oss

57 380 78 505 Ξ
113 429 207 507 gitari.
248 426 337 494 Quod
351 425 375 485 si
389 422 452 503 quis
465 425 581 493 ultimas
595 424 666 517 duas
679 423 802 503 syllabas
815 425 851 483 ab
866 426 982 505 reliquis
1006 430 1119 508 sejungi
1139 431 1227 503 volet,

57 508 84 601 ξ
113 509 191 588 quod
203 527 274 568 sane
290 506 459 567 conveniret
474 524 541 564 cum
554 505 748 584 descriptione
762 507 1025 582 grammaticorum,
1035 510 1099 621 boc
1111 511 1217 572 modo:

57 614 80 685 l

193 724 822 808 Lw—W—Wssw—W'U-d-

107 876 167 917 non
190 856 310 917 habebit
333 867 423 927 certe,
448 876 508 935 quo
522 856 655 917 carminis
677 856 752 916 illius
766 877 879 920 versum
895 854 964 920 323.
985 859 1131 920 defendat.
1172 863 1232 929 Qui

57 930 71 993 ἑ
109 957 198 1017 quum
212 956 309 1016 neque
322 935 360 996 ad
373 937 545 996 sententiam
559 938 680 1008 laboret,
701 957 758 996 nec
770 939 856 998 facile
870 939 976 1018 corrigi
989 960 1073 1019 posse
1087 941 1231 1014 videatur,

57 996 72 1099 Ξ
106 1018 206 1079 nescio
219 1038 257 1077 an
270 1019 327 1078 hoc
341 1018 425 1079 metri
438 1037 530 1096 genus
545 1038 583 1079 ex
599 1029 766 1078 tetrametro
778 1020 923 1098 dactylico
939 1032 968 1079 et
978 1022 1095 1099 dipodia
1107 1022 1232 1088 iambica

57 1106 67 1179 ἓ,
107 1099 299 1179 compositum
313 1098 359 1168 sit,
375 1118 410 1159 aa
422 1099 501 1178 lege,
514 1110 546 1158 ut
559 1099 730 1178 plerumque
751 1100 867 1177 dipodia
890 1101 945 1160 ista
969 1103 1091 1163 iambica
1114 1104 1232 1181 longam

57 1228 60 1237 .
106 1180 270 1251 anacrusin,
285 1180 407 1239 solutam
421 1191 519 1238 autem
533 1180 653 1258 primam
669 1180 745 1238 arsin
768 1181 884 1256 habeat,
908 1183 938 1241 in
963 1183 1109 1264 dactylico
1132 1194 1231 1246 autem

106 1261 157 1322 illo
171 1261 289 1322 ultimus
302 1280 354 1340 pes
367 1262 537 1340 plerumque
552 1261 686 1340 dactylus
699 1261 756 1321 sit:
787 1333 790 1338 ,

240 1441 281 1454 ,-
344 1441 385 1453 -Ι,
447 1440 488 1452 -
557 1434 637 1458 μ-

184 1471 729 1554 ssw-wsswuwlvssu
776 1518 780 1524 ·

650 1588 697 1617 W

57 1670 72 1789 Ξ
106 1686 152 1747 1⁸⁸
160 1672 223 1766 lm
235 1704 350 1745 ”llum
363 1684 444 1749 illum
456 1696 540 1748 recte
561 1685 706 1746 tuebimur
719 1711 727 1747 :

57 1830 76 1897 ι’
185 1809 283 1875 millu,
299 1801 413 1884 ἱλαφςόν,
429 1800 535 1884 clippeo,
550 1803 752 1884 βμχυβλκβές,
769 1800 927 1862 ..dmm

57 1924 83 1951 ·'··
107 1911 181 1971 Hac
194 1910 268 1970 ratio
282 1912 306 1970 si
319 1930 387 1970 vera
399 1922 452 1980 est,
466 1912 573 1993 poterit
582 1930 681 1971 versus
694 1911 780 1971 etiam
789 1930 863 1989 puro
877 1909 1013 1983 diiambo,
1024 1911 1070 1968 vel
1081 1911 1227 1973 tribracho

58 2022 64 2045 :
82 2020 90 2027 ·
107 2002 134 2050 et
148 1992 244 2050 iambo
256 1992 340 2052 finiri.
383 1992 528 2052 Caeterum
538 1992 698 2070 elegantior
723 1992 789 2063 erit,
811 2010 920 2050 caesura
932 1991 1010 2050 facta
1024 1991 1053 2049 in
1067 1992 1123 2052 fine
1137 1995 1227 2072 partis

57 2072 87 2139 Ξ·
107 2071 266 2153 dactylica.
307 2073 347 2132 Iit
359 2073 470 2134 habeut
483 2073 560 2136 hanc
575 2093 713 2135 caesuram
727 2073 857 2158 plerique
870 2072 975 2131 horum
988 2091 1133 2132 versuum.

495 2332 609 2408 CAP.
641 2331 831 2406 XXVIII.

461 2536 511 2586 DE
537 2537 655 2588 VERSU
673 2534 873 2594 ELEGIACQ

84 2690 91 2703 '
144 2694 171 2749 l.
181 2690 305 2750 Vsusus
314 2689 459 2770 elegiacos
468 2709 574 2751 nomen
587 2691 787 2770 pentametris
800 2707 889 2769 prava
901 2686 1088 2751 distinctione
1100 2690 1226 2768 accepit,

115 2771 482 2909 quapuidamgrammatici
497 2773 540 2831 usi
552 2785 647 2842 erant,
662 2791 777 2831 versum
789 2772 869 2829 huuc
883 2789 900 2829 e
915 2769 1027 2828 duobus
1041 2769 1165 2848 dactylis
1179 2771 1226 2829 vel

82 2908 96 2915 ..
116 2864 178 2927 mon
198 2852 249 2926 eis,
261 2863 324 2912 tum
336 2852 466 2931 spondeo
479 2863 510 2912 et
522 2853 635 2912 duobus
650 2852 801 2932 anapaestis
815 2850 1007 2928 compositum
1029 2850 1093 2909 rati.
1136 2851 1225 2910 Com.

82 2948 88 2953 ·
117 2943 244 2992 memorat
257 2952 321 2992 eam
334 2933 557 3003 distinctionem,
572 2944 678 3012 praeter
701 2934 744 2992 M.
765 2932 975 3000 Quintilianum
996 2930 1052 2989 IX.
1071 2937 1102 3002 4,
1123 2936 1173 2992 98.
1194 2942 1226 2992 et

116 3006 310 3072 Terentianum
321 3015 458 3072 Maurum
469 3034 499 3093 p.
511 3014 774 3076 sotuscholiastes
784 3012 1001 3091 Hephaestionis
1011 3032 1041 3090 p.
1055 3017 1105 3074 94.
1117 3012 1223 3094 (186.)

117 3091 159 3149 ted
170 3092 217 3164 ita,
233 3106 266 3154 ut
286 3095 421 3173 praeferat
433 3095 574 3154 rationem
589 3115 663 3167 eam,
678 3104 743 3173 q'uae
756 3092 1093 3173 placuitHaphaestioni,
1108 3112 1225 3154 versum

76 3238 87 3247 .
117 3169 263 3250 elegiacum
277 3195 316 3234 ex
329 3175 443 3234 duobus
463 3175 611 3234 ordinibus
624 3175 776 3255 dactylicis
790 3186 924 3234 constare
949 3173 1076 3244 docenti,
1100 3193 1224 3252 quorum

76 3268 90 3333 ξ
118 3261 226 3332 uterque
246 3256 373 3334 quinque
393 3256 553 3334 semipedes
580 3256 817 3334 comprehendat.
859 3255 991 3334 Eamque
1019 3272 1080 3311 rem
1101 3263 1221 3328 caesura,
1330 3289 1333 3293 ·

78 3344 87 3357 “·
117 3334 212 3408 quein
225 3336 283 3394 hoc
296 3355 380 3395 versu
393 3337 561 3396 inviolabilis
575 3348 629 3405 est,
639 3337 685 3395 ita
699 3336 860 3408 confirmat,
882 3346 916 3393 ut
928 3336 1060 3393 insanum
1084 3353 1147 3394 esse
1171 3354 1221 3394 ne·

82 3440 97 3493 3·
118 3427 184 3474 cesse
197 3415 244 3489 sit,
259 3417 310 3495 qui
322 3416 405 3475 aliter
418 3417 533 3477 sentiat.
575 3418 654 3482 Quin
667 3436 705 3476 ne
720 3417 773 3477 ¹isti
794 3416 921 3496 quidem,
943 3416 992 3495 qui
1012 3434 1129 3493 pravam
1143 3416 1222 3474 illam
1262 3466 1267 3490 ‚

81 3556 86 3563 ,
114 3488 313 3555 distinctionem
333 3497 515 3569 invenerunt,
536 3517 689 3557 numerum
704 3498 830 3576 ,putandi
849 3509 917 3555 sunt
938 3497 1066 3555 indicare
1086 3496 1219 3566 voluisse,

114 3574 155 3632 ted
167 3595 328 3636 mensuram
342 3578 382 3635 illi
395 3578 531 3638 volebant
545 3580 595 3638 tali
609 3579 735 3657 quodam
753 3579 840 3637 modo
863 3577 1036 3647 describere,
1052 3586 1085 3635 ut
1106 3597 1221 3636 versum

113 3668 190 3734 utque
203 3657 341 3718 adfinem
354 3659 474 3737 integris
493 3660 615 3738 pedibus
628 3659 754 3719 dimetiri
767 3660 879 3718 liceret.

82 3796 89 3807 ,
142 3743 168 3798 2.
190 3739 360 3817 Hephaestio
380 3741 455 3799 male
470 3741 553 3800 *hunc
572 3760 688 3800 versum
702 3741 731 3797 in
745 3741 916 3818 asynartetis
929 3740 1100 3800 numeravit.
1142 3741 1220 3798 Tan·

85 3834 98 3905 2
109 3820 160 3876 itm
172 3820 255 3879 abest
268 3821 355 3891 enim,
370 3831 402 3878 ut
415 3821 444 3878 in
459 3822 656 3881 commissura
668 3821 863 3880 membrorum
883 3823 965 3881 locus
978 3822 1016 3881 ait
1028 3819 1153 3880 licentiae
1168 3820 1219 3895 illi,

83 3958 88 3971 ,
105 3912 162 4035 21oe
174 3902 292 3980 propria
304 3912 534 3981 asynartetorum
549 3915 602 3976 est,
617 3913 650 3961 ut
664 3902 751 3961 etiam
764 3901 986 3980 productionem
997 3902 1091 3960 brevis
1101 3902 1223 3979 syllabae

123 3978 252 4059 ligenter
264 3981 383 4041 vitatam
397 3983 552 4042 iideamus.
597 3985 645 4042 De
656 4003 713 4063 qua
727 4003 758 4042 re
769 3983 843 4043 dixit
853 3983 1006 4044 Jacobsius
1019 3984 1048 4039 in
1063 3983 1139 4040 obss.
1154 3984 1219 4042 crit.

85 4056 129 4129 'io
143 4062 363 4141 Authologiam,
377 4083 442 4143 quae
455 4064 570 4124 insertas
583 4076 650 4123 sunt
666 4064 750 4125 Actis
764 4065 863 4143 philol.
878 4068 997 4125 Monac.
1012 4064 1048 4121 T.
1064 4065 1088 4122 l.
1101 4062 1173 4122 fasc.
1187 4068 1217 4125 2.

101 4136 171 4202 ute
191 4143 280 4203 etiam
301 4163 394 4203 meam
415 4144 645 4204 dissertationem
665 4145 702 4204 de
716 4157 802 4204 aetate
824 4145 935 4224 Orphei
952 4142 1217 4223 Argonauticorum

67 4230 122 4303 ζμ
142 4225 211 4287 tot.
233 4243 315 4303 seqq.
356 4224 499 4285 Aristides
513 4225 707 4292 Quintilianus
728 4227 765 4285 de
783 4227 841 4285 hoc
862 4244 946 4284 versu
966 4246 996 4303 p.
1016 4231 1064 4286 52.
1086 4222 1115 4285 οὗ
1138 4226 1219 4300 πέφυ-

57 4278 129 4405 Ξξκιι
140 4305 217 4389 sigaei
231 4315 260 4366 ri
281 4311 322 4369 sir
342 4307 385 4383 pb
397 4315 439 4375 τῆς
453 4309 572 4391 πςοτξςας
592 4309 714 4386 συζυγίαις
728 4312 861 4378 συλλαβὴν
873 4311 987 4391 auersis
998 4309 1024 4379 ἒξ
1037 4306 1151 4380 ἀνάγκης
1163 4333 1218 4385 μα·

641 4405 701 4485 af
