2694 4866
285 270 369 338 L1B,
386 270 413 340 Ι..
434 271 529 334 CAP.
549 270 607 335 1v.
627 269 685 343 DE
707 270 929 371 MllNSURA.
1133 286 1166 341 ll

119 474 203 546 -’-υ,
218 474 329 549 Lim,
345 476 488 541 sswv·

33 606 208 669 Periodicos
221 620 273 668 aut
285 610 376 670 solam
389 610 466 672 arsin
479 619 622 690 repetere,

117 722 186 794 dd,
203 723 244 794 -‘.-
252 723 303 798 -¹-‚

33 866 86 916 aut
100 875 141 916 ex
155 856 265 918 ordinis
276 858 373 919 thesin
385 858 519 920 habentis
533 856 753 938 repetltiombus
762 871 907 939 constare,

116 971 208 1039 όυυ
227 1009 323 1048 ww,
337 974 499 1049 -’.υ-υ,
515 974 763 1050 ζυ-υ-υ,

32 1118 86 1168 aut
100 1126 141 1168 ex
156 1108 305 1170 ordinibus
318 1108 555 1170 decrescentibus
569 1109 714 1190 componi,

116 1222 514 1290 -Ι-ΜΝυ-υυ-υ-ο

33 1353 205 1415 Anacrusin
217 1369 326 1430 autem,
340 1378 407 1438 quae
418 1358 464 1417 his
485 1356 634 1435 ordinibus
648 1356 781 1423 omnibus
802 1370 899 1440 potest
912 1360 1066 1435 accedere,
1086 1359 1162 1443 pari.

32 1443 141 1514 terque
155 1438 251 1498 thesin
273 1458 313 1498 ex
333 1439 511 1520 temporibus
533 1459 596 1501 esse
609 1441 717 1501 debere
738 1454 768 1502 et
791 1443 867 1502 inter
887 1460 919 1502 se
942 1442 1111 1522 aequalibus,
1132 1452 1164 1500 et

32 1532 97 1577 non
109 1519 267 1600 majoribus
286 1521 337 1580 illo
350 1533 491 1600 tempore,
506 1522 538 1579 in
557 1541 615 1600 quo
635 1522 705 1581 srsis
728 1535 781 1584 est.
822 1522 883 1583 Sed
897 1543 936 1583 ex
948 1523 993 1582 his
1014 1523 1164 1583 ordinibus

35 1597 156 1676 quidam
179 1619 245 1660 raro
268 1613 318 1666 aut
342 1622 500 1683 numquam
525 1615 715 1682 usurpantur..
760 1608 808 1666 Ac
832 1605 889 1664 rari
912 1617 979 1664 sunt
1008 1605 1163 1684 simplices.
1202 1647 1207 1655 .

10 1748 12 1757 Ι
36 1680 184 1745 Quoniam
198 1682 275 1744 eninr
289 1683 345 1763 ipsi
367 1683 398 1742 in
411 1683 540 1744 versibus
561 1683 773 1757 elementqrum
788 1687 878 1754 instar
891 1698 970 1758 sunt,
984 1691 1077 1765 msj0r
1091 1705 1162 1745 cou-

10 1820 12 1829 ,
38 1760 162 1823 cionitas
174 1762 204 1831 in
229 1764 445 1825 consociatione
459 1784 560 1825 eorum
581 1776 636 1835 est,
651 1785 690 1825 ex
711 1786 769 1846 qua
782 1766 856 1827 fiunt
876 1767 992 1829 ordines
1012 1766 1162 1845 periodici.

39 1839 86 1899 Ex
105 1843 263 1922 periodicis
283 1856 391 1917 autem,
416 1865 539 1926 quorum
560 1847 715 1925 multiplex
737 1847 914 1936 compositio·
929 1859 984 1919 est,
1007 1847 1087 1907 haud
1101 1847 1163 1907 scio

41 1937 74 1985 ta
86 1916 117 1995 ii,
131 1924 184 2004 qui
196 1924 259 1984 sola
270 1943 368 1986 mseos
387 1927 561 2007 repetitione
576 1939 729 1999 constant,
744 1948 887 2009 nusquam
901 1929 1093 2008 reperiantur,
1107 1927 1164 1988 nisi

43 2005 102 2097 quia
113 2024 166 2067 eos
178 2005 211 2067 in
223 2005 397 2084 quibusdam
408 2007 637 2088 epiphonematis
650 2009 790 2082 admissos
804 2021 937 2079 censeat,

491 2211 607 2288 CAP.
635 2209 706 2286 IV.

444 2387 500 2437 DE
526 2386 748 2438 MENSURA·

18 2484 22 2491 ¹
78 2499 104 2557 l.
123 2495 323 2558 Mammam
336 2495 525 2576 intelligimus
544 2508 709 2577 temporum
730 2495 807 2557 iuter
824 2496 886 2576 ipsa
906 2495 1162 2574 comparationem

48 2571 85 2635 hu
104 2577 161 2637 alia
173 2587 220 2637 est
241 2576 319 2657 apud
331 2579 480 2650 metricos,
494 2578 551 2638 alh
571 2579 653 2659 apud
672 2578 808 2639 musicos.
851 2581 898 2636 Ac
918 2576 1032 2635 metrici
1045 2575 1163 2656 proprie

48 2655 98 2716 duo
120 2669 235 2718 tantum
258 2669 390 2738 tempora
412 2670 587 2739 agnoscunt,
610 2679 701 2718 unum
729 2659 852 2738 simplex
877 2677 929 2718 seu
952 2658 1050 2728 breve,
1082 2657 1162 2734 quod

48 2736 136 2798 Greci
155 2741 285 2823 minuet
303 2749 408 2819 ημῶν,
421 2740 521 2801 Latini
541 2759 671 2801 saurus
686 2755 717 2800 et
738 2758 862 2801 nonant
884 2749 1008 2806 vocant;
1039 2737 1163 2797 alterum

47 2813 147 2897 duplex
159 2838 213 2880 seu
232 2820 362 2900 longum,
376 2822 456 2901 quod
468 2841 508 2882 ex
527 2822 643 2881 duobus
655 2821 791 2881 breuibus
811 2819 1003 2899 compositum
1017 2830 1071 2878 est·
1113 2817 1162 2876 Ex

46 2900 154 2960 musicis
165 2913 266 2961 sutem
278 2902 411 2962 hodierni
424 2903 523 2962 multis
535 2913 701 2982 temporum
721 2902 907 2962 divisionibus
921 2912 1062 2968 utuntur;
1080 2910 1161 2957 vete-

46 2993 93 3052 tur,
107 2993 140 3041 ut
159 2982 285 3056 videtur,
309 2995 414 3063 praeter
433 2984 557 3064 simplex
573 2996 606 3045 et
628 2983 738 3064 duplex
759 2985 846 3044 etiam
870 2981 1053 3060 quadruplex
1073 2991 1162 3058 atque

45 3062 178 3151 utuptex
190 3074 307 3144 tempus
326 3064 526 3138 adsciverunt3
555 3077 585 3126 et
606 3064 788 3145 quadruplex
809 3064 938 3144 quidem,
955 3063 1010 3122 nisi
1023 3061 1160 3133 fallimur,

45 3143 492 3307 btuttrrtblttlt
506 3144 1009 3306 tfflhttbttttttlitl
1020 3161 1162 3303 tutti

10 3312 21 3339 -’
47 3304 216 3384 compositus
229 3306 360 3377 videtur3
380 3310 563 3389 quadruplex
582 3321 615 3370 et
627 3308 767 3387 octuplex
780 3319 879 3367 autem
893 3309 923 3365 in
937 3305 1043 3374 orthio,
1059 3305 1107 3385 qui
1129 3305 1160 3362 in

46 3383 130 3459 priore
142 3397 229 3465 parte
238 3399 386 3467 quattuor,
395 3390 426 3447 in
436 3391 599 3469 posteriore
613 3404 682 3451 octo
691 3402 825 3469 tempora
836 3390 936 3460 habet,
951 3399 981 3448 et
992 3387 1022 3445 in
1030 3386 1160 3447 trochaeo

46 3477 176 3537 amanto,
200 3469 252 3546 qui
265 3469 379 3529 inverso
402 3471 505 3532 ordine
528 3472 632 3530 harum
652 3472 778 3549 partium
801 3471 846 3543 fit,
860 3469 897 3529 de
911 3468 1015 3549 quibus
1038 3467 1161 3546 pedibus

46 3539 110 3605 idem
122 3547 269 3608 Aristides
281 3549 357 3610 dixit
369 3572 399 3631 ρ.
413 3557 463 3619 37.
475 3573 537 3632 seq.
549 3565 581 3612 et
594 3557 642 3617 9b'.
656 3572 717 3632 seq.

76 3630 103 3689 2.
123 3628 188 3686 Pes
213 3648 230 3688 a
253 3631 371 3691 musicis
384 3644 416 3692 et
435 3634 616 3713 rhythmicis,
638 3635 809 3713 plerumque
829 3632 917 3690 etiam
938 3648 956 3689 a
979 3627 1106 3687 metricis
1120 3626 1162 3686 ita

15 3737 22 3745 ·
37 3701 150 3781 dicitur,
165 3721 201 3769 ut
212 3731 274 3771 non
285 3713 376 3772 solam
389 3725 554 3795 temporum
568 3716 824 3794 comparationem,
839 3712 892 3771 sed
907 3711 1006 3782 etiam,
1020 3709 1111 3787 quiin
1125 3708 1162 3777 iis

48 3791 213 3871 tenporibus
235 3811 374 3853 numerus
396 3796 482 3867 inest,
505 3808 649 3876 spectent
698 3796 770 3865 Nos,
795 3794 834 3854 de
858 3792 985 3852 numeris
1005 3809 1160 3851 onnsuusr

48 3871 258 3948 rppellationem
272 3889 455 3954 usurpantes,
469 3896 581 3937 runnu
603 3896 740 3937 vocamus
753 3877 848 3937 solam·
864 3887 1028 3954 temporum
1043 3891 1163 3951 compa.

48 3950 176 4013 monem
189 3955 300 4035 abque
314 3975 445 4019 numero.
474 3959 549 4019 Sunt
559 3970 660 4018 autem
671 3960 761 4038 pedes
775 3956 950 4019 usitatissimi
964 3956 1008 4022 hi;
1028 3953 1162 4034 bisyllabi

49 4043 189 4108 quattuon

112 4184 136 4214 υ
144 4183 170 4214 υ
183 4167 422 4224 anumcmus,

113 4267 154 4282 —
163 4269 205 4284 -
219 4250 393 4307 Hormus,

113 4346 137 4376 υ
146 4363 190 4377 ..
201 4330 342 4385 uultus,
