<?xml version="1.0" encoding="UTF-8"?>
<!DOCTYPE html PUBLIC "-//W3C//DTD XHTML 1.0 Transitional//EN"
    "http://www.w3.org/TR/xhtml1/DTD/xhtml1-transitional.dtd">
<html xmlns="http://www.w3.org/1999/xhtml" xml:lang="en" lang="en">
 <head>
  <title>
</title>
<meta http-equiv="Content-Type" content="text/html;charset=utf-8" />
  <meta name='ocr-system' content='tesseract 3.04.00' />
  <meta name='ocr-capabilities' content='ocr_page ocr_carea ocr_par ocr_line ocrx_word'/>
</head>
<body>
  <div class='ocr_page' id='page_1' title='image "./elementadoctrin00hermgoog_0284.png"; bbox 0 0 2694 4866; ppageno 0'>
   <div class='ocr_carea' id='block_1_1' title="bbox 311 254 1179 338">
    <p class='ocr_par' dir='ltr' id='par_1_1' title="bbox 311 254 1179 338">
     <span class='ocr_line' id='line_1_1' title="bbox 311 254 1179 338; baseline 0.001 -2"><span class='ocrx_word' id='word_1_1' title='bbox 311 266 370 336; x_wconf 80' lang='lat' dir='ltr'>nn</span> <span class='ocrx_word' id='word_1_2' title='bbox 392 254 682 338; x_wconf 77' lang='lat' dir='ltr'>A&#39;unrnsncrs</span> <span class='ocrx_word' id='word_1_3' title='bbox 704 268 924 337; x_wconf 70' lang='lat' dir='ltr'>binnulus.</span> <span class='ocrx_word' id='word_1_4' title='bbox 1121 280 1179 338; x_wconf 78' lang='lat' dir='ltr'>ns</span> 
     </span>
    </p>
   </div>
   <div class='ocr_carea' id='block_1_2' title="bbox 73 442 888 2781">
    <p class='ocr_par' dir='ltr' id='par_1_2' title="bbox 73 442 888 2781">
     <span class='ocr_line' id='line_1_2' title="bbox 163 442 501 517; baseline 0.006 -17"><span class='ocrx_word' id='word_1_5' title='bbox 163 442 210 500; x_wconf 77' lang='lat' dir='ltr'>viri</span> <span class='ocrx_word' id='word_1_6' title='bbox 221 443 307 500; x_wconf 78' lang='lat' dir='ltr'>officio</span> <span class='ocrx_word' id='word_1_7' title='bbox 318 446 367 511; x_wconf 89' lang='lat' dir='ltr'>uti,</span> <span class='ocrx_word' id='word_1_8' title='bbox 384 446 428 517; x_wconf 88' lang='lat' dir='ltr'>qul</span> <span class='ocrx_word' id='word_1_9' title='bbox 440 445 501 502; x_wconf 82' lang='lat' dir='ltr'>viris</span> 
     </span>
     <span class='ocr_line' id='line_1_3' title="bbox 74 515 479 572; baseline 0.005 -2"><span class='ocrx_word' id='word_1_10' title='bbox 74 524 90 570; x_wconf 73' lang='grc' dir='ltr'><strong><em>ὅ</em></strong></span> <span class='ocrx_word' id='word_1_11' title='bbox 161 515 248 570; x_wconf 78' lang='lat' dir='ltr'>tsutds</span> <span class='ocrx_word' id='word_1_12' title='bbox 259 518 408 572; x_wconf 74' lang='lat' dir='ltr'>absentibus</span> <span class='ocrx_word' id='word_1_13' title='bbox 416 517 479 572; x_wconf 82' lang='lat' dir='ltr'>iacit</span> 
     </span>
     <span class='ocr_line' id='line_1_4' title="bbox 231 586 489 658; baseline 0.012 -19"><span class='ocrx_word' id='word_1_14' title='bbox 231 586 338 658; x_wconf 80' lang='lat' dir='ltr'>injuriae</span> <span class='ocrx_word' id='word_1_15' title='bbox 349 587 489 642; x_wconf 88' lang='lat' dir='ltr'>imme‘rito.</span> 
     </span>
     <span class='ocr_line' id='line_1_5' title="bbox 125 657 617 728; baseline 0.004 -18"><span class='ocrx_word' id='word_1_16' title='bbox 125 674 227 728; x_wconf 90' lang='lat' dir='ltr'>nosque</span> <span class='ocrx_word' id='word_1_17' title='bbox 239 658 272 711; x_wconf 68' lang='lat' dir='ltr'>db</span> <span class='ocrx_word' id='word_1_18' title='bbox 283 660 313 711; x_wconf 88' lang='lat' dir='ltr'>iis</span> <span class='ocrx_word' id='word_1_19' title='bbox 326 676 396 712; x_wconf 88' lang='lat' dir='ltr'>nune</span> <span class='ocrx_word' id='word_1_20' title='bbox 409 660 538 712; x_wconf 76' lang='lat' dir='ltr'>abducere</span> <span class='ocrx_word' id='word_1_21' title='bbox 552 657 617 713; x_wconf 82' lang='lat' dir='ltr'><strong>volt.</strong></span> 
     </span>
     <span class='ocr_line' id='line_1_6' title="bbox 123 727 598 794; baseline 0 -14"><span class='ocrx_word' id='word_1_22' title='bbox 123 727 167 781; x_wconf 84' lang='lat' dir='ltr'>hae</span> <span class='ocrx_word' id='word_1_23' title='bbox 178 728 222 782; x_wconf 71' lang='lat' dir='ltr'>res</span> <span class='ocrx_word' id='word_1_24' title='bbox 234 729 294 783; x_wconf 82' lang='lat' dir='ltr'>vitoe</span> <span class='ocrx_word' id='word_1_25' title='bbox 306 747 357 794; x_wconf 78' lang='lat' dir='ltr'>mo,</span> <span class='ocrx_word' id='word_1_26' title='bbox 369 730 450 794; x_wconf 75' lang='lat' dir='ltr'>soror,</span> <span class='ocrx_word' id='word_1_27' title='bbox 463 740 598 784; x_wconf 82' lang='lat' dir='ltr'>saturant:</span> 
     </span>
     <span class='ocr_line' id='line_1_7' title="bbox 125 793 568 854; baseline 0.005 -4"><span class='ocrx_word' id='word_1_28' title='bbox 125 797 170 851; x_wconf 85' lang='lat' dir='ltr'>hae</span> <span class='ocrx_word' id='word_1_29' title='bbox 182 793 246 852; x_wconf 83' lang='lat' dir='ltr'>mihi</span> <span class='ocrx_word' id='word_1_30' title='bbox 258 798 362 854; x_wconf 82' lang='lat' dir='ltr'>dividiae</span> <span class='ocrx_word' id='word_1_31' title='bbox 374 811 402 854; x_wconf 88' lang='lat' dir='ltr'>et</span> <span class='ocrx_word' id='word_1_32' title='bbox 414 800 488 854; x_wconf 75' lang='lat' dir='ltr'>senio</span> <span class='ocrx_word' id='word_1_33' title='bbox 499 811 568 852; x_wconf 84' lang='lat' dir='ltr'>sunt.</span> 
     </span>
     <span class='ocr_line' id='line_1_8' title="bbox 73 869 733 935; baseline 0.005 -14"><span class='ocrx_word' id='word_1_34' title='bbox 73 879 90 921; x_wconf 89' lang='grc' dir='ltr'>ο</span> <span class='ocrx_word' id='word_1_35' title='bbox 123 869 169 923; x_wconf 91' lang='lat' dir='ltr'><strong>Pl.</strong></span> <span class='ocrx_word' id='word_1_36' title='bbox 187 883 239 922; x_wconf 88' lang='lat' dir='ltr'>neu</span> <span class='ocrx_word' id='word_1_37' title='bbox 251 870 374 934; x_wconf 67' lang='lat' dir='ltr'>Memmii,</span> <span class='ocrx_word' id='word_1_38' title='bbox 385 886 469 935; x_wconf 88' lang='lat' dir='ltr'>soror,</span> <span class='ocrx_word' id='word_1_39' title='bbox 481 887 533 924; x_wconf 89' lang='lat' dir='ltr'>neu</span> <span class='ocrx_word' id='word_1_40' title='bbox 546 870 594 923; x_wconf 83' lang='lat' dir='ltr'>tdo</span> <span class='ocrx_word' id='word_1_41' title='bbox 605 870 633 922; x_wconf 93' lang='lat' dir='ltr'>id</span> <span class='ocrx_word' id='word_1_42' title='bbox 645 870 733 924; x_wconf 82' lang='lat' dir='ltr'>animo</span> 
     </span>
     <span class='ocr_line' id='line_1_9' title="bbox 122 939 651 1010; baseline 0.008 -19"><span class='ocrx_word' id='word_1_43' title='bbox 122 939 176 1003; x_wconf 84' lang='lat' dir='ltr'><strong>sac,</strong></span> <span class='ocrx_word' id='word_1_44' title='bbox 189 941 265 1010; x_wconf 82' lang='lat' dir='ltr'>qnod·</span> <span class='ocrx_word' id='word_1_45' title='bbox 272 952 333 994; x_wconf 89' lang='lat' dir='ltr'>tuus</span> <span class='ocrx_word' id='word_1_46' title='bbox 344 950 419 1010; x_wconf 84' lang='lat' dir='ltr'>pater</span> <span class='ocrx_word' id='word_1_47' title='bbox 430 940 517 994; x_wconf 75' lang='lat' dir='ltr'>iacere</span> <span class='ocrx_word' id='word_1_48' title='bbox 528 941 651 996; x_wconf 86' lang='lat' dir='ltr'>minatur.</span> 
     </span>
     <span class='ocr_line' id='line_1_10' title="bbox 122 1009 570 1079; baseline 0.004 -17"><span class='ocrx_word' id='word_1_49' title='bbox 122 1027 182 1079; x_wconf 86' lang='lat' dir='ltr'>spes</span> <span class='ocrx_word' id='word_1_50' title='bbox 195 1011 245 1075; x_wconf 70' lang='lat' dir='ltr'>est,</span> <span class='ocrx_word' id='word_1_51' title='bbox 256 1029 315 1064; x_wconf 89' lang='lat' dir='ltr'>eum</span> <span class='ocrx_word' id='word_1_52' title='bbox 328 1011 420 1064; x_wconf 89' lang='lat' dir='ltr'>melius</span> <span class='ocrx_word' id='word_1_53' title='bbox 431 1009 570 1065; x_wconf 71' lang='lat' dir='ltr'>ficturum.</span> 
     </span>
     <span class='ocr_line' id='line_1_11' title="bbox 122 1080 639 1152; baseline 0.004 -18"><span class='ocrx_word' id='word_1_54' title='bbox 122 1080 185 1134; x_wconf 86' lang='lat' dir='ltr'>novi</span> <span class='ocrx_word' id='word_1_55' title='bbox 198 1081 247 1150; x_wconf 68' lang='lat' dir='ltr'>(ego</span> <span class='ocrx_word' id='word_1_56' title='bbox 258 1082 345 1135; x_wconf 79' lang='lat' dir='ltr'>illum:</span> <span class='ocrx_word' id='word_1_57' title='bbox 362 1082 455 1152; x_wconf 87' lang='lat' dir='ltr'>joculo</span> <span class='ocrx_word' id='word_1_58' title='bbox 466 1080 548 1135; x_wconf 71' lang='lat' dir='ltr'>istaec</span> <span class='ocrx_word' id='word_1_59' title='bbox 560 1081 639 1136; x_wconf 78' lang='lat' dir='ltr'>dicit=</span> 
     </span>
     <span class='ocr_line' id='line_1_12' title="bbox 122 1151 591 1220; baseline 0 -16"><span class='ocrx_word' id='word_1_60' title='bbox 122 1168 209 1220; x_wconf 84' lang='lat' dir='ltr'>neque</span> <span class='ocrx_word' id='word_1_61' title='bbox 221 1151 265 1205; x_wconf 72' lang='lat' dir='ltr'>ille</span> <span class='ocrx_word' id='word_1_62' title='bbox 278 1152 326 1206; x_wconf 86' lang='lat' dir='ltr'>sibi</span> <span class='ocrx_word' id='word_1_63' title='bbox 338 1163 437 1206; x_wconf 86' lang='lat' dir='ltr'>mereat</span> <span class='ocrx_word' id='word_1_64' title='bbox 454 1152 591 1206; x_wconf 72' lang='lat' dir='ltr'>Persarum</span> 
     </span>
     <span class='ocr_line' id='line_1_13' title="bbox 76 1217 633 1293; baseline 0 -17"><span class='ocrx_word' id='word_1_65' title='bbox 76 1229 90 1276; x_wconf 81' lang='lat'><strong><em>5</em></strong></span> <span class='ocrx_word' id='word_1_66' title='bbox 125 1217 233 1288; x_wconf 80' lang='lat' dir='ltr'>montis,</span> <span class='ocrx_word' id='word_1_67' title='bbox 244 1225 288 1293; x_wconf 90' lang='lat' dir='ltr'>qui</span> <span class='ocrx_word' id='word_1_68' title='bbox 301 1241 357 1277; x_wconf 87' lang='lat' dir='ltr'>esse</span> <span class='ocrx_word' id='word_1_69' title='bbox 369 1223 440 1277; x_wconf 79' lang='lat' dir='ltr'>aurei</span> <span class='ocrx_word' id='word_1_70' title='bbox 454 1223 633 1292; x_wconf 70' lang='lat' dir='ltr'>perhibentur,</span> 
     </span>
     <span class='ocr_line' id='line_1_14' title="bbox 125 1290 654 1364; baseline 0.002 -18"><span class='ocrx_word' id='word_1_71' title='bbox 125 1307 156 1346; x_wconf 87' lang='lat' dir='ltr'>ut</span> <span class='ocrx_word' id='word_1_72' title='bbox 166 1292 234 1347; x_wconf 81' lang='lat' dir='ltr'>istsie</span> <span class='ocrx_word' id='word_1_73' title='bbox 244 1293 330 1359; x_wconf 82' lang='lat' dir='ltr'>faciat,</span> <span class='ocrx_word' id='word_1_74' title='bbox 339 1295 410 1364; x_wconf 92' lang='lat' dir='ltr'>quod</span> <span class='ocrx_word' id='word_1_75' title='bbox 421 1295 451 1347; x_wconf 79' lang='lat' dir='ltr'>tir</span> <span class='ocrx_word' id='word_1_76' title='bbox 461 1294 563 1348; x_wconf 91' lang='lat' dir='ltr'>metuis.</span> <span class='ocrx_word' id='word_1_77' title='bbox 651 1290 654 1301; x_wconf 86' lang='lat'>&#39;</span> 
     </span>
     <span class='ocr_line' id='line_1_15' title="bbox 124 1364 558 1430; baseline 0.002 -13"><span class='ocrx_word' id='word_1_78' title='bbox 124 1366 245 1418; x_wconf 80' lang='lat' dir='ltr'>tamensi</span> <span class='ocrx_word' id='word_1_79' title='bbox 256 1364 344 1430; x_wconf 77' lang='lat' dir='ltr'>faciat,</span> <span class='ocrx_word' id='word_1_80' title='bbox 356 1364 471 1418; x_wconf 83' lang='lat' dir='ltr'>minume</span> <span class='ocrx_word' id='word_1_81' title='bbox 482 1365 558 1418; x_wconf 77' lang='lat' dir='ltr'>irasci</span> 
     </span>
     <span class='ocr_line' id='line_1_16' title="bbox 158 1434 663 1506; baseline 0.008 -19"><span class='ocrx_word' id='word_1_82' title='bbox 158 1435 253 1488; x_wconf 88' lang='lat' dir='ltr'>decet:</span> <span class='ocrx_word' id='word_1_83' title='bbox 271 1435 356 1506; x_wconf 75' lang='lat' dir='ltr'>neque</span> <span class='ocrx_word' id='word_1_84' title='bbox 367 1436 395 1488; x_wconf 89' lang='lat' dir='ltr'>id</span> <span class='ocrx_word' id='word_1_85' title='bbox 407 1436 537 1490; x_wconf 88' lang='lat' dir='ltr'>immerito</span> <span class='ocrx_word' id='word_1_86' title='bbox 550 1434 663 1491; x_wconf 68' lang='lat' dir='ltr'>eveniet.</span> 
     </span>
     <span class='ocr_line' id='line_1_17' title="bbox 123 1506 614 1572; baseline 0.004 -14"><span class='ocrx_word' id='word_1_87' title='bbox 123 1522 185 1559; x_wconf 80' lang='lat' dir='ltr'>nam</span> <span class='ocrx_word' id='word_1_88' title='bbox 198 1506 247 1558; x_wconf 85' lang='lat' dir='ltr'>viri</span> <span class='ocrx_word' id='word_1_89' title='bbox 259 1506 342 1560; x_wconf 78' lang='lat' dir='ltr'>nostri</span> <span class='ocrx_word' id='word_1_90' title='bbox 354 1506 433 1560; x_wconf 91' lang='lat' dir='ltr'>domo</span> <span class='ocrx_word' id='word_1_91' title='bbox 443 1517 473 1560; x_wconf 91' lang='lat' dir='ltr'>ut</span> <span class='ocrx_word' id='word_1_92' title='bbox 485 1506 614 1572; x_wconf 71' lang='lat' dir='ltr'>ibiemnt,</span> 
     </span>
     <span class='ocr_line' id='line_1_18' title="bbox 73 1576 721 1642; baseline 0.006 -13"><span class='ocrx_word' id='word_1_93' title='bbox 73 1586 90 1629; x_wconf 90' lang='grc' dir='ltr'>ο</span> <span class='ocrx_word' id='word_1_94' title='bbox 122 1576 166 1629; x_wconf 89' lang='lat' dir='ltr'>hic</span> <span class='ocrx_word' id='word_1_95' title='bbox 177 1576 270 1632; x_wconf 71' lang='lat' dir='ltr'>tertius</span> <span class='ocrx_word' id='word_1_96' title='bbox 283 1595 375 1632; x_wconf 84' lang='lat' dir='ltr'>sunus.</span> <span class='ocrx_word' id='word_1_97' title='bbox 410 1578 464 1632; x_wconf 90' lang='lat' dir='ltr'>PA.</span> <span class='ocrx_word' id='word_1_98' title='bbox 484 1577 531 1642; x_wconf 81' lang='lat' dir='ltr'>ita,</span> <span class='ocrx_word' id='word_1_99' title='bbox 543 1579 572 1631; x_wconf 78' lang='lat' dir='ltr'>nt</span> <span class='ocrx_word' id='word_1_100' title='bbox 585 1595 721 1634; x_wconf 80' lang='lat' dir='ltr'>memoras.</span> 
     </span>
     <span class='ocr_line' id='line_1_19' title="bbox 121 1647 665 1717; baseline 0.002 -16"><span class='ocrx_word' id='word_1_101' title='bbox 121 1647 166 1702; x_wconf 88' lang='grc' dir='ltr'>ΡΙ.</span> <span class='ocrx_word' id='word_1_102' title='bbox 183 1665 261 1716; x_wconf 89' lang='lat' dir='ltr'>quom</span> <span class='ocrx_word' id='word_1_103' title='bbox 273 1649 323 1717; x_wconf 88' lang='lat' dir='ltr'>ipsi</span> <span class='ocrx_word' id='word_1_104' title='bbox 334 1649 436 1703; x_wconf 83' lang='lat' dir='ltr'>interea</span> <span class='ocrx_word' id='word_1_105' title='bbox 443 1647 540 1713; x_wconf 63' lang='lat' dir='ltr'>vivent,</span> <span class='ocrx_word' id='word_1_106' title='bbox 552 1648 665 1713; x_wconf 84' lang='lat' dir='ltr'>valeant,</span> 
     </span>
     <span class='ocr_line' id='line_1_20' title="bbox 122 1718 769 1843; baseline 0.005 -73"><span class='ocrx_word' id='word_1_107' title='bbox 122 1718 168 1771; x_wconf 90' lang='lat' dir='ltr'>ubi</span> <span class='ocrx_word' id='word_1_108' title='bbox 180 1718 316 1806; x_wconf 31' lang='lat' dir='ltr'>sinn-quid</span> <span class='ocrx_word' id='word_1_109' title='bbox 328 1730 415 1788; x_wconf 80' lang='lat' dir='ltr'>agant,</span> <span class='ocrx_word' id='word_1_110' title='bbox 426 1721 620 1843; x_wconf 74' lang='lat' dir='ltr'>ecquiddagnnt,</span> <span class='ocrx_word' id='word_1_111' title='bbox 630 1736 717 1790; x_wconf 87' lang='lat' dir='ltr'>neque</span> <span class='ocrx_word' id='word_1_112' title='bbox 765 1728 769 1739; x_wconf 84' lang='grc'><strong>“</strong></span> 
     </span>
     <span class='ocr_line' id='line_1_21' title="bbox 123 1801 699 1932; baseline -0.009 -14"><span class='ocrx_word' id='word_1_113' title='bbox 123 1801 699 1932; x_wconf 53' lang='lat' dir='ltr'>Pppratpcppapglpspsspppgeqlrlpappppgfflum</span> 
     </span>
     <span class='ocr_line' id='line_1_22' title="bbox 73 1929 854 2004; baseline 0 -18"><span class='ocrx_word' id='word_1_114' title='bbox 73 1939 91 1986; x_wconf 73' lang='lat'><em>5</em></span> <span class='ocrx_word' id='word_1_115' title='bbox 125 1949 202 1984; x_wconf 85' lang='lat' dir='ltr'>suum</span> <span class='ocrx_word' id='word_1_116' title='bbox 215 1931 268 1984; x_wconf 74' lang='lat' dir='ltr'>ndu</span> <span class='ocrx_word' id='word_1_117' title='bbox 281 1932 381 1997; x_wconf 87' lang='lat' dir='ltr'>colunt,</span> <span class='ocrx_word' id='word_1_118' title='bbox 392 1950 471 2003; x_wconf 90' lang='lat' dir='ltr'>quom</span> <span class='ocrx_word' id='word_1_119' title='bbox 484 1941 558 1986; x_wconf 85' lang='lat' dir='ltr'>tuum</span> <span class='ocrx_word' id='word_1_120' title='bbox 571 1929 657 1987; x_wconf 70' lang='lat' dir='ltr'>fiscis?</span> <span class='ocrx_word' id='word_1_121' title='bbox 692 1930 736 1988; x_wconf 89' lang='lat' dir='ltr'><strong>Pl.</strong></span> <span class='ocrx_word' id='word_1_122' title='bbox 753 1930 854 2004; x_wconf 83' lang='lat' dir='ltr'>itapol.</span> 
     </span>
     <span class='ocr_line' id='line_1_23' title="bbox 122 2002 706 2072; baseline 0 -16"><span class='ocrx_word' id='word_1_123' title='bbox 122 2003 180 2057; x_wconf 82' lang='lat' dir='ltr'>PA.</span> <span class='ocrx_word' id='word_1_124' title='bbox 199 2015 260 2057; x_wconf 87' lang='lat' dir='ltr'>tace</span> <span class='ocrx_word' id='word_1_125' title='bbox 273 2003 321 2057; x_wconf 87' lang='lat' dir='ltr'>eis:</span> <span class='ocrx_word' id='word_1_126' title='bbox 340 2020 402 2060; x_wconf 79' lang='lat' dir='ltr'>cave</span> <span class='ocrx_word' id='word_1_127' title='bbox 414 2002 449 2058; x_wconf 86' lang='lat' dir='ltr'>sis</span> <span class='ocrx_word' id='word_1_128' title='bbox 460 2003 564 2057; x_wconf 83' lang='lat' dir='ltr'>audiam</span> <span class='ocrx_word' id='word_1_129' title='bbox 577 2020 626 2072; x_wconf 86' lang='lat' dir='ltr'>ego</span> <span class='ocrx_word' id='word_1_130' title='bbox 637 2003 706 2057; x_wconf 87' lang='lat' dir='ltr'>istuc</span> 
     </span>
     <span class='ocr_line' id='line_1_24' title="bbox 136 2070 665 2145; baseline 0.002 -21"><span class='ocrx_word' id='word_1_131' title='bbox 136 2120 138 2124; x_wconf 34' lang='lat'><em>2</em></span> <span class='ocrx_word' id='word_1_132' title='bbox 156 2071 268 2144; x_wconf 76' lang='lat' dir='ltr'>posthde</span> <span class='ocrx_word' id='word_1_133' title='bbox 280 2091 313 2127; x_wconf 80' lang='lat' dir='ltr'>ex</span> <span class='ocrx_word' id='word_1_134' title='bbox 325 2084 361 2129; x_wconf 90' lang='lat' dir='ltr'><strong>te.</strong></span> <span class='ocrx_word' id='word_1_135' title='bbox 396 2075 440 2128; x_wconf 88' lang='grc' dir='ltr'>ΡΙ.</span> <span class='ocrx_word' id='word_1_136' title='bbox 459 2074 576 2145; x_wconf 85' lang='lat' dir='ltr'>namqui</span> <span class='ocrx_word' id='word_1_137' title='bbox 585 2070 665 2145; x_wconf 79' lang='lat' dir='ltr'>jam?</span> 
     </span>
     <span class='ocr_line' id='line_1_25' title="bbox 121 2143 888 2217; baseline 0 -19"><span class='ocrx_word' id='word_1_138' title='bbox 121 2145 179 2200; x_wconf 73' lang='lat' dir='ltr'>PA.</span> <span class='ocrx_word' id='word_1_139' title='bbox 197 2144 258 2216; x_wconf 85' lang='lat' dir='ltr'>quia</span> <span class='ocrx_word' id='word_1_140' title='bbox 269 2144 313 2215; x_wconf 77' lang='lat' dir='ltr'>pol</span> <span class='ocrx_word' id='word_1_141' title='bbox 324 2162 384 2200; x_wconf 90' lang='lat' dir='ltr'>meo</span> <span class='ocrx_word' id='word_1_142' title='bbox 396 2144 484 2198; x_wconf 82' lang='lat' dir='ltr'>animo</span> <span class='ocrx_word' id='word_1_143' title='bbox 496 2147 581 2200; x_wconf 90' lang='lat' dir='ltr'>omnis</span> <span class='ocrx_word' id='word_1_144' title='bbox 593 2143 717 2215; x_wconf 61' lang='lat' dir='ltr'>sepientis</span> <span class='ocrx_word' id='word_1_145' title='bbox 886 2210 888 2217; x_wconf 21' lang='lat' dir='ltr'>y</span> 
     </span>
     <span class='ocr_line' id='line_1_26' title="bbox 121 2214 860 2285; baseline 0.001 -17"><span class='ocrx_word' id='word_1_146' title='bbox 121 2233 197 2269; x_wconf 91' lang='lat' dir='ltr'>suum</span> <span class='ocrx_word' id='word_1_147' title='bbox 209 2215 329 2269; x_wconf 77' lang='lat' dir='ltr'>odicium</span> <span class='ocrx_word' id='word_1_148' title='bbox 341 2233 443 2285; x_wconf 84' lang='lat' dir='ltr'>aequom</span> <span class='ocrx_word' id='word_1_149' title='bbox 454 2225 495 2270; x_wconf 87' lang='lat' dir='ltr'>est</span> <span class='ocrx_word' id='word_1_150' title='bbox 507 2215 594 2270; x_wconf 87' lang='lat' dir='ltr'>colere</span> <span class='ocrx_word' id='word_1_151' title='bbox 607 2215 635 2269; x_wconf 79' lang='lat' dir='ltr'>et</span> <span class='ocrx_word' id='word_1_152' title='bbox 645 2214 742 2269; x_wconf 83' lang='lat' dir='ltr'>facere.</span> <span class='ocrx_word' id='word_1_153' title='bbox 856 2247 860 2251; x_wconf 85' lang='lat'>-</span> 
     </span>
     <span class='ocr_line' id='line_1_27' title="bbox 73 2285 808 2359; baseline 0.001 -21"><span class='ocrx_word' id='word_1_154' title='bbox 73 2296 88 2338; x_wconf 88' lang='grc' dir='ltr'>ο</span> <span class='ocrx_word' id='word_1_155' title='bbox 119 2288 287 2357; x_wconf 78' lang='lat' dir='ltr'>quamobrem</span> <span class='ocrx_word' id='word_1_156' title='bbox 300 2285 349 2358; x_wconf 73' lang='lat' dir='ltr'>ego</span> <span class='ocrx_word' id='word_1_157' title='bbox 360 2297 388 2341; x_wconf 91' lang='lat' dir='ltr'>te</span> <span class='ocrx_word' id='word_1_158' title='bbox 397 2287 457 2352; x_wconf 90' lang='lat' dir='ltr'>hoc,</span> <span class='ocrx_word' id='word_1_159' title='bbox 469 2286 552 2351; x_wconf 55' lang='lat' dir='ltr'>soror.</span> <span class='ocrx_word' id='word_1_160' title='bbox 561 2286 665 2348; x_wconf 84' lang='lat' dir='ltr'>tametsi</span> <span class='ocrx_word' id='word_1_161' title='bbox 678 2285 707 2339; x_wconf 72' lang='lat' dir='ltr'>(es</span> <span class='ocrx_word' id='word_1_162' title='bbox 715 2286 808 2359; x_wconf 87' lang='lat' dir='ltr'>major,</span> 
     </span>
     <span class='ocr_line' id='line_1_28' title="bbox 81 2357 694 2423; baseline -0.002 -12"><span class='ocrx_word' id='word_1_163' title='bbox 81 2378 85 2385; x_wconf 95' lang='lat'>·</span> <span class='ocrx_word' id='word_1_164' title='bbox 120 2374 228 2422; x_wconf 88' lang='lat' dir='ltr'>moneo,</span> <span class='ocrx_word' id='word_1_165' title='bbox 239 2358 269 2411; x_wconf 76' lang='lat' dir='ltr'>dt</span> <span class='ocrx_word' id='word_1_166' title='bbox 281 2369 355 2411; x_wconf 90' lang='lat' dir='ltr'>tuum</span> <span class='ocrx_word' id='word_1_167' title='bbox 368 2357 516 2412; x_wconf 88' lang='lat' dir='ltr'>memineris</span> <span class='ocrx_word' id='word_1_168' title='bbox 527 2357 650 2423; x_wconf 78' lang='lat' dir='ltr'>officium,</span> <span class='ocrx_word' id='word_1_169' title='bbox 667 2366 694 2410; x_wconf 86' lang='lat' dir='ltr'>et</span> 
     </span>
     <span class='ocr_line' id='line_1_29' title="bbox 120 2427 626 2499; baseline 0 -17"><span class='ocrx_word' id='word_1_170' title='bbox 120 2429 143 2482; x_wconf 90' lang='lat' dir='ltr'>si</span> <span class='ocrx_word' id='word_1_171' title='bbox 154 2427 194 2481; x_wconf 92' lang='lat' dir='ltr'>illi</span> <span class='ocrx_word' id='word_1_172' title='bbox 203 2428 313 2498; x_wconf 84' lang='lat' dir='ltr'>improbi</span> <span class='ocrx_word' id='word_1_173' title='bbox 325 2428 386 2493; x_wconf 88' lang='lat' dir='ltr'>sint,</span> <span class='ocrx_word' id='word_1_174' title='bbox 398 2439 477 2499; x_wconf 84' lang='lat' dir='ltr'>atque</span> <span class='ocrx_word' id='word_1_175' title='bbox 488 2428 565 2483; x_wconf 66' lang='lat' dir='ltr'>iliter</span> <span class='ocrx_word' id='word_1_176' title='bbox 576 2446 626 2482; x_wconf 87' lang='lat' dir='ltr'>nos</span> 
     </span>
     <span class='ocr_line' id='line_1_30' title="bbox 119 2497 767 2570; baseline -0.002 -18"><span class='ocrx_word' id='word_1_177' title='bbox 119 2498 228 2562; x_wconf 59' lang='lat' dir='ltr'>facient,</span> <span class='ocrx_word' id='word_1_178' title='bbox 237 2517 312 2570; x_wconf 80' lang='lat' dir='ltr'>quum</span> <span class='ocrx_word' id='word_1_179' title='bbox 322 2497 427 2569; x_wconf 75' lang='lat' dir='ltr'>&#39;requom</span> <span class='ocrx_word' id='word_1_180' title='bbox 439 2510 489 2565; x_wconf 81' lang='lat' dir='ltr'>est,</span> <span class='ocrx_word' id='word_1_181' title='bbox 500 2510 589 2554; x_wconf 82' lang='lat' dir='ltr'>tamen</span> <span class='ocrx_word' id='word_1_182' title='bbox 600 2499 645 2569; x_wconf 84' lang='lat' dir='ltr'>pbl</span> <span class='ocrx_word' id='word_1_183' title='bbox 657 2515 692 2552; x_wconf 89' lang='lat' dir='ltr'>ne</span> <span class='ocrx_word' id='word_1_184' title='bbox 704 2497 767 2568; x_wconf 91' lang='lat' dir='ltr'>quid</span> 
     </span>
     <span class='ocr_line' id='line_1_31' title="bbox 119 2569 647 2640; baseline 0.006 -18"><span class='ocrx_word' id='word_1_185' title='bbox 119 2587 196 2640; x_wconf 83' lang='lat' dir='ltr'>mage</span> <span class='ocrx_word' id='word_1_186' title='bbox 207 2569 294 2623; x_wconf 81' lang='lat' dir='ltr'>simus·</span> <span class='ocrx_word' id='word_1_187' title='bbox 311 2571 432 2625; x_wconf 88' lang='lat' dir='ltr'>omnibus</span> <span class='ocrx_word' id='word_1_188' title='bbox 444 2570 541 2624; x_wconf 89' lang='lat' dir='ltr'>obnixe</span> <span class='ocrx_word' id='word_1_189' title='bbox 552 2570 647 2640; x_wconf 83' lang='lat' dir='ltr'>opibus</span> 
     </span>
     <span class='ocr_line' id='line_1_32' title="bbox 73 2641 678 2696; baseline 0 -1"><span class='ocrx_word' id='word_1_190' title='bbox 73 2648 86 2695; x_wconf 85' lang='lat'>⁵</span> <span class='ocrx_word' id='word_1_191' title='bbox 120 2651 240 2695; x_wconf 89' lang='lat' dir='ltr'>nostrum</span> <span class='ocrx_word' id='word_1_192' title='bbox 251 2641 364 2695; x_wconf 74' lang='lat' dir='ltr'>officium</span> <span class='ocrx_word' id='word_1_193' title='bbox 373 2641 523 2696; x_wconf 86' lang='lat' dir='ltr'>meminisse</span> <span class='ocrx_word' id='word_1_194' title='bbox 534 2642 620 2695; x_wconf 87' lang='lat' dir='ltr'>decet.</span> <span class='ocrx_word' id='word_1_195' title='bbox 675 2668 678 2672; x_wconf 94' lang='lat'>·</span> 
     </span>
     <span class='ocr_line' id='line_1_33' title="bbox 153 2709 820 2781; baseline -0.004 -14"><span class='ocrx_word' id='word_1_196' title='bbox 153 2713 198 2767; x_wconf 86' lang='grc' dir='ltr'><strong>ΡΙ.</strong></span> <span class='ocrx_word' id='word_1_197' title='bbox 216 2711 318 2781; x_wconf 84' lang='lat' dir='ltr'>placet:</span> <span class='ocrx_word' id='word_1_198' title='bbox 336 2711 422 2767; x_wconf 75' lang='lat' dir='ltr'>tdceo.</span> <span class='ocrx_word' id='word_1_199' title='bbox 438 2763 442 2772; x_wconf 92' lang='grc'>,</span> <span class='ocrx_word' id='word_1_200' title='bbox 456 2711 514 2768; x_wconf 85' lang='lat' dir='ltr'>PA.</span> <span class='ocrx_word' id='word_1_201' title='bbox 532 2722 560 2767; x_wconf 84' lang='lat' dir='ltr'>et</span> <span class='ocrx_word' id='word_1_202' title='bbox 570 2710 720 2767; x_wconf 87' lang='lat' dir='ltr'>memineris</span> <span class='ocrx_word' id='word_1_203' title='bbox 732 2709 820 2766; x_wconf 62' lang='lat' dir='ltr'>fenim.</span> 
     </span>
    </p>
   </div>
   <div class='ocr_carea' id='block_1_3' title="bbox 73 2843 1171 2928">
    <p class='ocr_par' dir='ltr' id='par_1_3' title="bbox 73 2843 1171 2928">
     <span class='ocr_line' id='line_1_34' title="bbox 73 2843 1171 2928; baseline 0.003 -24"><span class='ocrx_word' id='word_1_204' title='bbox 73 2843 86 2906; x_wconf 86' lang='lat'>&#39;.</span> <span class='ocrx_word' id='word_1_205' title='bbox 100 2850 149 2906; x_wconf 92' lang='grc'><strong>11.</strong></span> <span class='ocrx_word' id='word_1_206' title='bbox 169 2845 257 2925; x_wconf 83' lang='lat' dir='ltr'>vulgo</span> <span class='ocrx_word' id='word_1_207' title='bbox 270 2847 350 2907; x_wconf 78' lang='lat' dir='ltr'>unice</span> <span class='ocrx_word' id='word_1_208' title='bbox 362 2847 412 2928; x_wconf 82' lang='lat' dir='ltr'>qui</span> <span class='ocrx_word' id='word_1_209' title='bbox 425 2868 506 2907; x_wconf 82' lang='lat' dir='ltr'>unus.</span> <span class='ocrx_word' id='word_1_210' title='bbox 547 2848 584 2907; x_wconf 90' lang='lat' dir='ltr'>V.</span> <span class='ocrx_word' id='word_1_211' title='bbox 600 2854 647 2910; x_wconf 76' lang='lat'><strong>14.</strong></span> <span class='ocrx_word' id='word_1_212' title='bbox 661 2869 684 2906; x_wconf 91' lang='lat' dir='ltr'><strong>s.</strong></span> <span class='ocrx_word' id='word_1_213' title='bbox 698 2846 787 2928; x_wconf 81' lang='lat' dir='ltr'>vulgo,</span> <span class='ocrx_word' id='word_1_214' title='bbox 802 2843 872 2906; x_wconf 80' lang='lat' dir='ltr'>viris</span> <span class='ocrx_word' id='word_1_215' title='bbox 881 2843 931 2924; x_wconf 83' lang='lat' dir='ltr'>qui</span> <span class='ocrx_word' id='word_1_216' title='bbox 943 2852 1037 2906; x_wconf 78' lang='lat' dir='ltr'>tantas</span> <span class='ocrx_word' id='word_1_217' title='bbox 1047 2846 1171 2907; x_wconf 81' lang='lat' dir='ltr'>obsenti-</span> 
     </span>
    </p>
   </div>
   <div class='ocr_carea' id='block_1_4' title="bbox 73 2910 1171 3088">
    <p class='ocr_par' dir='ltr' id='par_1_4' title="bbox 73 2910 1171 3088">
     <span class='ocr_line' id='line_1_35' title="bbox 73 2910 1171 3006; baseline 0.005 -21"><span class='ocrx_word' id='word_1_218' title='bbox 73 2944 99 2985; x_wconf 69' lang='grc' dir='ltr'>πε</span> <span class='ocrx_word' id='word_1_219' title='bbox 112 2928 227 2999; x_wconf 81' lang='lat' dir='ltr'>nostris,</span> <span class='ocrx_word' id='word_1_220' title='bbox 241 2928 283 2988; x_wconf 86' lang='lat' dir='ltr'>vel</span> <span class='ocrx_word' id='word_1_221' title='bbox 295 2930 398 2988; x_wconf 77' lang='lat' dir='ltr'>nostris</span> <span class='ocrx_word' id='word_1_222' title='bbox 411 2928 579 2989; x_wconf 76' lang='lat' dir='ltr'>absentibus.</span> <span class='ocrx_word' id='word_1_223' title='bbox 620 2928 689 2987; x_wconf 90' lang='lat' dir='ltr'>MS.</span> <span class='ocrx_word' id='word_1_224' title='bbox 703 2927 783 3006; x_wconf 90' lang='lat' dir='ltr'>Lips.</span> <span class='ocrx_word' id='word_1_225' title='bbox 798 2927 908 2986; x_wconf 83' lang='lat' dir='ltr'>omittit</span> <span class='ocrx_word' id='word_1_226' title='bbox 921 2927 1036 2987; x_wconf 78' lang='lat' dir='ltr'>nostris.</span> <span class='ocrx_word' id='word_1_227' title='bbox 1070 2910 1108 2988; x_wconf 65' lang='lat' dir='ltr'><strong>V.</strong></span> <span class='ocrx_word' id='word_1_228' title='bbox 1123 2932 1171 2995; x_wconf 88' lang='grc'>17.</span> 
     </span>
     <span class='ocr_line' id='line_1_36' title="bbox 73 3008 1170 3088; baseline 0.004 -22"><span class='ocrx_word' id='word_1_229' title='bbox 73 3008 136 3087; x_wconf 85' lang='lat' dir='ltr'>ulgo</span> <span class='ocrx_word' id='word_1_230' title='bbox 149 3009 186 3068; x_wconf 81' lang='lat' dir='ltr'>ab</span> <span class='ocrx_word' id='word_1_231' title='bbox 196 3009 260 3068; x_wconf 83' lang='lat' dir='ltr'>lu&#39;s:</span> <span class='ocrx_word' id='word_1_232' title='bbox 281 3009 336 3069; x_wconf 84' lang='lat' dir='ltr'>sed</span> <span class='ocrx_word' id='word_1_233' title='bbox 349 3011 384 3068; x_wconf 92' lang='lat' dir='ltr'>V.</span> <span class='ocrx_word' id='word_1_234' title='bbox 402 3011 437 3071; x_wconf 89' lang='lat' dir='ltr'>C.</span> <span class='ocrx_word' id='word_1_235' title='bbox 456 3010 492 3069; x_wconf 86' lang='lat' dir='ltr'>ab</span> <span class='ocrx_word' id='word_1_236' title='bbox 506 3011 540 3069; x_wconf 84' lang='lat' dir='ltr'>is.</span> <span class='ocrx_word' id='word_1_237' title='bbox 571 3011 657 3069; x_wconf 82' lang='lat' dir='ltr'>Nunc</span> <span class='ocrx_word' id='word_1_238' title='bbox 670 3026 726 3088; x_wconf 82' lang='lat' dir='ltr'>ego</span> <span class='ocrx_word' id='word_1_239' title='bbox 740 3008 848 3070; x_wconf 80' lang='lat' dir='ltr'>addidi.</span> <span class='ocrx_word' id='word_1_240' title='bbox 880 3008 919 3067; x_wconf 87' lang='lat' dir='ltr'>V.</span> <span class='ocrx_word' id='word_1_241' title='bbox 937 3013 986 3070; x_wconf 84' lang='lat'>18.</span> <span class='ocrx_word' id='word_1_242' title='bbox 1007 3009 1170 3088; x_wconf 88' lang='lat' dir='ltr'><strong>MS.Lips.</strong></span> 
     </span>
    </p>
   </div>
   <div class='ocr_carea' id='block_1_5' title="bbox 73 3089 1310 3169">
    <p class='ocr_par' dir='ltr' id='par_1_5' title="bbox 73 3089 1310 3169">
     <span class='ocr_line' id='line_1_37' title="bbox 73 3089 1310 3169; baseline -0.002 -19"><span class='ocrx_word' id='word_1_243' title='bbox 73 3107 129 3150; x_wconf 69' lang='lat' dir='ltr'>&gt;ror</span> <span class='ocrx_word' id='word_1_244' title='bbox 148 3111 202 3150; x_wconf 88' lang='lat' dir='ltr'>me.</span> <span class='ocrx_word' id='word_1_245' title='bbox 243 3091 279 3151; x_wconf 88' lang='lat' dir='ltr'>V.</span> <span class='ocrx_word' id='word_1_246' title='bbox 293 3097 342 3152; x_wconf 71' lang='lat'>21.</span> <span class='ocrx_word' id='word_1_247' title='bbox 362 3090 454 3150; x_wconf 86' lang='lat' dir='ltr'>delevi</span> <span class='ocrx_word' id='word_1_248' title='bbox 475 3091 595 3150; x_wconf 87' lang='lat' dir='ltr'>incertae</span> <span class='ocrx_word' id='word_1_249' title='bbox 614 3089 690 3150; x_wconf 84' lang='lat' dir='ltr'>sedis</span> <span class='ocrx_word' id='word_1_250' title='bbox 710 3109 870 3167; x_wconf 87' lang='lat' dir='ltr'>pronomen</span> <span class='ocrx_word' id='word_1_251' title='bbox 890 3089 965 3149; x_wconf 80' lang='lat' dir='ltr'>tibi:</span> <span class='ocrx_word' id='word_1_252' title='bbox 995 3108 1062 3149; x_wconf 79' lang='lat' dir='ltr'>nam</span> <span class='ocrx_word' id='word_1_253' title='bbox 1083 3091 1172 3169; x_wconf 83' lang='lat' dir='ltr'>vulgo</span> <span class='ocrx_word' id='word_1_254' title='bbox 1226 3157 1229 3160; x_wconf 51' lang='grc'><em>,</em></span> <span class='ocrx_word' id='word_1_255' title='bbox 1307 3145 1310 3148; x_wconf 88' lang='grc'><strong>.</strong></span> 
     </span>
    </p>
   </div>
   <div class='ocr_carea' id='block_1_6' title="bbox 73 3166 1201 3334">
    <p class='ocr_par' dir='ltr' id='par_1_6' title="bbox 73 3166 1201 3334">
     <span class='ocr_line' id='line_1_38' title="bbox 73 3166 1201 3252; baseline 0 -22"><span class='ocrx_word' id='word_1_256' title='bbox 73 3166 189 3245; x_wconf 71' lang='lat' dir='ltr'>lituus,</span> <span class='ocrx_word' id='word_1_257' title='bbox 204 3171 366 3252; x_wconf 87' lang='lat' dir='ltr'><strong>MS.Lips.</strong></span> <span class='ocrx_word' id='word_1_258' title='bbox 381 3183 556 3232; x_wconf 67' lang='lat' dir='ltr'>antemium</span> <span class='ocrx_word' id='word_1_259' title='bbox 576 3172 637 3232; x_wconf 83' lang='lat' dir='ltr'>tibi.</span> <span class='ocrx_word' id='word_1_260' title='bbox 680 3173 716 3232; x_wconf 91' lang='lat' dir='ltr'>V.</span> <span class='ocrx_word' id='word_1_261' title='bbox 743 3175 790 3231; x_wconf 82' lang='grc'><strong>33.</strong></span> <span class='ocrx_word' id='word_1_262' title='bbox 812 3171 903 3231; x_wconf 87' lang='lat' dir='ltr'><strong>MSS.</strong></span> <span class='ocrx_word' id='word_1_263' title='bbox 924 3180 954 3229; x_wconf 87' lang='lat' dir='ltr'>et</span> <span class='ocrx_word' id='word_1_264' title='bbox 976 3181 1089 3231; x_wconf 84' lang='lat' dir='ltr'>veteres</span> <span class='ocrx_word' id='word_1_265' title='bbox 1109 3172 1171 3231; x_wconf 90' lang='lat' dir='ltr'>edi·</span> <span class='ocrx_word' id='word_1_266' title='bbox 1197 3246 1201 3252; x_wconf 43' lang='lat'><strong>.</strong></span> 
     </span>
     <span class='ocr_line' id='line_1_39' title="bbox 73 3251 1171 3334; baseline 0.003 -25"><span class='ocrx_word' id='word_1_267' title='bbox 73 3268 152 3322; x_wconf 86' lang='lat' dir='ltr'>ones,</span> <span class='ocrx_word' id='word_1_268' title='bbox 177 3263 210 3312; x_wconf 83' lang='lat' dir='ltr'>ut</span> <span class='ocrx_word' id='word_1_269' title='bbox 225 3253 302 3327; x_wconf 88' lang='lat' dir='ltr'>dedi,</span> <span class='ocrx_word' id='word_1_270' title='bbox 315 3253 414 3333; x_wconf 83' lang='lat' dir='ltr'>joculo</span> <span class='ocrx_word' id='word_1_271' title='bbox 428 3255 514 3314; x_wconf 79' lang='lat' dir='ltr'>istaeo.</span> <span class='ocrx_word' id='word_1_272' title='bbox 555 3256 593 3313; x_wconf 91' lang='lat' dir='ltr'><strong>V.</strong></span> <span class='ocrx_word' id='word_1_273' title='bbox 614 3257 664 3314; x_wconf 76' lang='grc'><strong>33.</strong></span> <span class='ocrx_word' id='word_1_274' title='bbox 687 3252 776 3312; x_wconf 86' lang='lat' dir='ltr'>verba</span> <span class='ocrx_word' id='word_1_275' title='bbox 789 3251 889 3334; x_wconf 83' lang='lat' dir='ltr'>ecquid</span> <span class='ocrx_word' id='word_1_276' title='bbox 900 3259 989 3332; x_wconf 72' lang='lat' dir='ltr'>ogoni</span> <span class='ocrx_word' id='word_1_277' title='bbox 1014 3252 1118 3312; x_wconf 82' lang='lat' dir='ltr'>desunt</span> <span class='ocrx_word' id='word_1_278' title='bbox 1138 3253 1171 3312; x_wconf 91' lang='lat' dir='ltr'>in</span> 
     </span>
    </p>
   </div>
   <div class='ocr_carea' id='block_1_7' title="bbox 73 3328 1305 3414">
    <p class='ocr_par' dir='ltr' id='par_1_7' title="bbox 73 3328 1305 3414">
     <span class='ocr_line' id='line_1_40' title="bbox 73 3328 1305 3414; baseline 0.001 -22"><span class='ocrx_word' id='word_1_279' title='bbox 73 3330 117 3403; x_wconf 68' lang='lat'><strong>18.</strong></span> <span class='ocrx_word' id='word_1_280' title='bbox 130 3332 214 3412; x_wconf 86' lang='lat' dir='ltr'>Lips.</span> <span class='ocrx_word' id='word_1_281' title='bbox 227 3345 315 3413; x_wconf 80' lang='lat' dir='ltr'>atque</span> <span class='ocrx_word' id='word_1_282' title='bbox 329 3334 439 3412; x_wconf 85' lang='lat' dir='ltr'>aliquot</span> <span class='ocrx_word' id='word_1_283' title='bbox 451 3345 523 3394; x_wconf 72' lang='lat' dir='ltr'><strong>vett.</strong></span> <span class='ocrx_word' id='word_1_284' title='bbox 537 3334 604 3394; x_wconf 86' lang='lat' dir='ltr'>edd.</span> <span class='ocrx_word' id='word_1_285' title='bbox 618 3354 684 3414; x_wconf 85' lang='lat' dir='ltr'>quae</span> <span class='ocrx_word' id='word_1_286' title='bbox 696 3334 720 3392; x_wconf 87' lang='lat' dir='ltr'>si</span> <span class='ocrx_word' id='word_1_287' title='bbox 735 3333 917 3404; x_wconf 86' lang='lat' dir='ltr'>omittuntur,</span> <span class='ocrx_word' id='word_1_288' title='bbox 932 3333 981 3391; x_wconf 91' lang='lat' dir='ltr'>hic</span> <span class='ocrx_word' id='word_1_289' title='bbox 994 3352 1094 3392; x_wconf 83' lang='lat' dir='ltr'>versus</span> <span class='ocrx_word' id='word_1_290' title='bbox 1107 3353 1171 3393; x_wconf 87' lang='lat' dir='ltr'>mo·</span> <span class='ocrx_word' id='word_1_291' title='bbox 1261 3330 1264 3336; x_wconf 81' lang='grc'><strong>’</strong></span> <span class='ocrx_word' id='word_1_292' title='bbox 1303 3328 1305 3332; x_wconf 61' lang='grc'>’</span> 
     </span>
    </p>
   </div>
   <div class='ocr_carea' id='block_1_8' title="bbox 73 3414 1181 4393">
    <p class='ocr_par' dir='ltr' id='par_1_8' title="bbox 73 3414 1181 4393">
     <span class='ocr_line' id='line_1_41' title="bbox 73 3414 1170 3494; baseline 0 -22"><span class='ocrx_word' id='word_1_293' title='bbox 73 3426 188 3484; x_wconf 71' lang='lat' dir='ltr'>sinerer,</span> <span class='ocrx_word' id='word_1_294' title='bbox 211 3416 260 3493; x_wconf 93' lang='lat' dir='ltr'>qui</span> <span class='ocrx_word' id='word_1_295' title='bbox 280 3415 409 3494; x_wconf 84' lang='lat' dir='ltr'>sequitur</span> <span class='ocrx_word' id='word_1_296' title='bbox 423 3427 521 3476; x_wconf 83' lang='lat' dir='ltr'>nutem</span> <span class='ocrx_word' id='word_1_297' title='bbox 542 3417 664 3476; x_wconf 82' lang='lat' dir='ltr'>dimeter</span> <span class='ocrx_word' id='word_1_298' title='bbox 684 3415 862 3474; x_wconf 80' lang='lat' dir='ltr'>acatalectus</span> <span class='ocrx_word' id='word_1_299' title='bbox 876 3415 941 3475; x_wconf 86' lang='lat' dir='ltr'>erit.</span> <span class='ocrx_word' id='word_1_300' title='bbox 968 3415 1018 3474; x_wconf 92' lang='lat' dir='ltr'>-V.</span> <span class='ocrx_word' id='word_1_301' title='bbox 1034 3419 1084 3475; x_wconf 76' lang='lat'><strong>34.</strong></span> <span class='ocrx_word' id='word_1_302' title='bbox 1103 3414 1170 3474; x_wconf 92' lang='lat' dir='ltr'>libri</span> 
     </span>
     <span class='ocr_line' id='line_1_42' title="bbox 73 3494 1169 3577; baseline 0.002 -25"><span class='ocrx_word' id='word_1_303' title='bbox 73 3496 130 3555; x_wconf 72' lang='lat' dir='ltr'>nid</span> <span class='ocrx_word' id='word_1_304' title='bbox 141 3495 219 3555; x_wconf 80' lang='lat' dir='ltr'>doles</span> <span class='ocrx_word' id='word_1_305' title='bbox 232 3509 263 3558; x_wconf 85' lang='lat' dir='ltr'>et</span> <span class='ocrx_word' id='word_1_306' title='bbox 277 3517 355 3556; x_wconf 82' lang='lat' dir='ltr'>suum</span> <span class='ocrx_word' id='word_1_307' title='bbox 369 3498 496 3577; x_wconf 70' lang='lat' dir='ltr'>&lt;fficium</span> <span class='ocrx_word' id='word_1_308' title='bbox 527 3500 565 3559; x_wconf 93' lang='lat' dir='ltr'>V.</span> <span class='ocrx_word' id='word_1_309' title='bbox 579 3503 628 3561; x_wconf 84' lang='grc'><strong>35.</strong></span> <span class='ocrx_word' id='word_1_310' title='bbox 648 3517 707 3556; x_wconf 90' lang='lat' dir='ltr'>non</span> <span class='ocrx_word' id='word_1_311' title='bbox 718 3497 817 3575; x_wconf 90' lang='lat' dir='ltr'>inepte</span> <span class='ocrx_word' id='word_1_312' title='bbox 829 3495 894 3574; x_wconf 91' lang='lat' dir='ltr'>quis</span> <span class='ocrx_word' id='word_1_313' title='bbox 909 3494 1054 3574; x_wconf 83' lang='lat' dir='ltr'>conjiciat,</span> <span class='ocrx_word' id='word_1_314' title='bbox 1069 3495 1169 3555; x_wconf 90' lang='lat' dir='ltr'>deleto</span> 
     </span>
     <span class='ocr_line' id='line_1_43' title="bbox 73 3576 1170 3659; baseline 0.002 -25"><span class='ocrx_word' id='word_1_315' title='bbox 73 3588 125 3657; x_wconf 69' lang='lat' dir='ltr'>lum</span> <span class='ocrx_word' id='word_1_316' title='bbox 138 3577 324 3637; x_wconf 83' lang='lat' dir='ltr'>scribendum</span> <span class='ocrx_word' id='word_1_317' title='bbox 339 3598 412 3652; x_wconf 87' lang='lat' dir='ltr'>esse,</span> <span class='ocrx_word' id='word_1_318' title='bbox 426 3601 484 3639; x_wconf 81' lang='lat' dir='ltr'>non</span> <span class='ocrx_word' id='word_1_319' title='bbox 485 3581 616 3658; x_wconf 70' lang='lat' dir='ltr'>ficiunt,</span> <span class='ocrx_word' id='word_1_320' title='bbox 641 3599 724 3659; x_wconf 83' lang='lat' dir='ltr'>quum</span> <span class='ocrx_word' id='word_1_321' title='bbox 741 3587 819 3638; x_wconf 81' lang='lat' dir='ltr'>tuum</span> <span class='ocrx_word' id='word_1_322' title='bbox 833 3576 910 3636; x_wconf 82' lang='lat' dir='ltr'>colis.</span> <span class='ocrx_word' id='word_1_323' title='bbox 952 3576 1071 3636; x_wconf 82' lang='lat' dir='ltr'>Crebrae</span> <span class='ocrx_word' id='word_1_324' title='bbox 1090 3576 1170 3636; x_wconf 88' lang='lat' dir='ltr'>enim</span> 
     </span>
     <span class='ocr_line' id='line_1_44' title="bbox 73 3657 1171 3739; baseline -0.001 -22"><span class='ocrx_word' id='word_1_325' title='bbox 73 3658 214 3735; x_wconf 72' lang='lat' dir='ltr'>bjusmodi</span> <span class='ocrx_word' id='word_1_326' title='bbox 228 3661 468 3720; x_wconf 80' lang='lat' dir='ltr'>commutationes</span> <span class='ocrx_word' id='word_1_327' title='bbox 489 3672 566 3721; x_wconf 86' lang='lat' dir='ltr'>sunt.</span> <span class='ocrx_word' id='word_1_328' title='bbox 607 3661 645 3720; x_wconf 92' lang='lat' dir='ltr'>V.</span> <span class='ocrx_word' id='word_1_329' title='bbox 659 3662 708 3723; x_wconf 89' lang='grc'><strong>37.</strong></span> <span class='ocrx_word' id='word_1_330' title='bbox 727 3658 814 3737; x_wconf 83' lang='lat' dir='ltr'>vulgo</span> <span class='ocrx_word' id='word_1_331' title='bbox 836 3668 905 3717; x_wconf 84' lang='lat' dir='ltr'>ante</span> <span class='ocrx_word' id='word_1_332' title='bbox 924 3657 1041 3739; x_wconf 75' lang='lat' dir='ltr'>posthae</span> <span class='ocrx_word' id='word_1_333' title='bbox 1062 3659 1171 3737; x_wconf 78' lang='lat' dir='ltr'>ropeti-</span> 
     </span>
     <span class='ocr_line' id='line_1_45' title="bbox 73 3739 1167 3820; baseline 0.003 -24"><span class='ocrx_word' id='word_1_334' title='bbox 73 3742 258 3815; x_wconf 65' lang='lat' dir='ltr'>mesenam,</span> <span class='ocrx_word' id='word_1_335' title='bbox 278 3741 357 3820; x_wconf 92' lang='lat' dir='ltr'>quod</span> <span class='ocrx_word' id='word_1_336' title='bbox 371 3742 544 3802; x_wconf 79' lang='lat' dir='ltr'>auctoritate</span> <span class='ocrx_word' id='word_1_337' title='bbox 565 3741 630 3802; x_wconf 89' lang='lat' dir='ltr'><strong>cod.</strong></span> <span class='ocrx_word' id='word_1_338' title='bbox 650 3741 730 3820; x_wconf 89' lang='lat' dir='ltr'>Lips.</span> <span class='ocrx_word' id='word_1_339' title='bbox 751 3739 854 3800; x_wconf 87' lang='lat' dir='ltr'>delevi.</span> <span class='ocrx_word' id='word_1_340' title='bbox 895 3741 932 3800; x_wconf 94' lang='lat' dir='ltr'>V.</span> <span class='ocrx_word' id='word_1_341' title='bbox 947 3744 997 3800; x_wconf 76' lang='lat'><strong>43.</strong></span> <span class='ocrx_word' id='word_1_342' title='bbox 1017 3759 1054 3798; x_wconf 87' lang='lat' dir='ltr'>ss.</span> <span class='ocrx_word' id='word_1_343' title='bbox 1068 3739 1167 3817; x_wconf 86' lang='lat' dir='ltr'>vulgo,</span> 
     </span>
     <span class='ocr_line' id='line_1_46' title="bbox 73 3816 1169 3904; baseline 0 -25"><span class='ocrx_word' id='word_1_344' title='bbox 73 3816 139 3879; x_wconf 69' lang='lat' dir='ltr'>bren</span> <span class='ocrx_word' id='word_1_345' title='bbox 148 3819 204 3901; x_wconf 82' lang='lat' dir='ltr'>pol</span> <span class='ocrx_word' id='word_1_346' title='bbox 216 3844 252 3882; x_wconf 87' lang='lat' dir='ltr'>ne</span> <span class='ocrx_word' id='word_1_347' title='bbox 270 3823 341 3904; x_wconf 82' lang='lat' dir='ltr'>quid</span> <span class='ocrx_word' id='word_1_348' title='bbox 352 3825 443 3904; x_wconf 82' lang='lat' dir='ltr'>magis</span> <span class='ocrx_word' id='word_1_349' title='bbox 455 3825 542 3883; x_wconf 81' lang='lat' dir='ltr'>simus</span> <span class='ocrx_word' id='word_1_350' title='bbox 555 3823 680 3882; x_wconf 82' lang='lat' dir='ltr'>omnibus</span> <span class='ocrx_word' id='word_1_351' title='bbox 695 3821 822 3882; x_wconf 77' lang='lat' dir='ltr'>obnoeice</span> <span class='ocrx_word' id='word_1_352' title='bbox 834 3821 931 3902; x_wconf 83' lang='lat' dir='ltr'>opibus</span> <span class='ocrx_word' id='word_1_353' title='bbox 941 3845 952 3881; x_wconf 90' lang='lat'>.·</span> <span class='ocrx_word' id='word_1_354' title='bbox 962 3830 1098 3880; x_wconf 81' lang='lat' dir='ltr'>&#39;nostrum</span> <span class='ocrx_word' id='word_1_355' title='bbox 1109 3821 1169 3900; x_wconf 74' lang='lat' dir='ltr'>‹ff-</span> 
     </span>
     <span class='ocr_line' id='line_1_47' title="bbox 73 3896 1181 3985; baseline 0.001 -25"><span class='ocrx_word' id='word_1_356' title='bbox 73 3896 118 3961; x_wconf 78' lang='lat' dir='ltr'>im</span> <span class='ocrx_word' id='word_1_357' title='bbox 131 3903 290 3962; x_wconf 79' lang='lat' dir='ltr'>meminisse</span> <span class='ocrx_word' id='word_1_358' title='bbox 299 3904 385 3964; x_wconf 81' lang='lat' dir='ltr'>decet.</span> <span class='ocrx_word' id='word_1_359' title='bbox 413 3905 481 3965; x_wconf 90' lang='lat' dir='ltr'>MS.</span> <span class='ocrx_word' id='word_1_360' title='bbox 496 3905 575 3985; x_wconf 91' lang='lat' dir='ltr'>Lips.</span> <span class='ocrx_word' id='word_1_361' title='bbox 591 3916 622 3964; x_wconf 84' lang='lat' dir='ltr'>et</span> <span class='ocrx_word' id='word_1_362' title='bbox 633 3906 709 3965; x_wconf 91' lang='lat' dir='ltr'><strong>Dec.</strong></span> <span class='ocrx_word' id='word_1_363' title='bbox 724 3923 790 3962; x_wconf 91' lang='lat' dir='ltr'>cum</span> <span class='ocrx_word' id='word_1_364' title='bbox 802 3903 870 3963; x_wconf 90' lang='lat' dir='ltr'>edd.</span> <span class='ocrx_word' id='word_1_365' title='bbox 885 3903 1056 3982; x_wconf 82' lang='lat' dir='ltr'>quibusdam</span> <span class='ocrx_word' id='word_1_366' title='bbox 1070 3902 1181 3963; x_wconf 74' lang='lat' dir='ltr'>obnixe-</span> 
     </span>
     <span class='ocr_line' id='line_1_48' title="bbox 73 3983 1170 4067; baseline 0.005 -26"><span class='ocrx_word' id='word_1_367' title='bbox 73 3994 101 4041; x_wconf 74' lang='lat' dir='ltr'>ro</span> <span class='ocrx_word' id='word_1_368' title='bbox 113 3983 249 4045; x_wconf 78' lang='lat' dir='ltr'>obnoeiae.</span> <span class='ocrx_word' id='word_1_369' title='bbox 289 3984 347 4049; x_wconf 92' lang='lat' dir='ltr'><strong>Ed.</strong></span> <span class='ocrx_word' id='word_1_370' title='bbox 362 3987 448 4064; x_wconf 83' lang='lat' dir='ltr'>Csrp.</span> <span class='ocrx_word' id='word_1_371' title='bbox 473 3987 564 4045; x_wconf 84' lang='lat' dir='ltr'>minus</span> <span class='ocrx_word' id='word_1_372' title='bbox 577 4005 631 4066; x_wconf 92' lang='lat' dir='ltr'>pro</span> <span class='ocrx_word' id='word_1_373' title='bbox 644 3986 743 4067; x_wconf 80' lang='lat' dir='ltr'>magis,</span> <span class='ocrx_word' id='word_1_374' title='bbox 766 3983 845 4044; x_wconf 83' lang='lat' dir='ltr'>haud</span> <span class='ocrx_word' id='word_1_375' title='bbox 859 3985 947 4044; x_wconf 91' lang='lat' dir='ltr'>dubie</span> <span class='ocrx_word' id='word_1_376' title='bbox 961 4003 979 4042; x_wconf 86' lang='lat' dir='ltr'><strong>a</strong></span> <span class='ocrx_word' id='word_1_377' title='bbox 992 3994 1170 4046; x_wconf 86' lang='lat' dir='ltr'>correctore.</span> 
     </span>
     <span class='ocr_line' id='line_1_49' title="bbox 73 4060 1169 4146; baseline -0.001 -23"><span class='ocrx_word' id='word_1_378' title='bbox 73 4060 164 4124; x_wconf 76' lang='lat' dir='ltr'>iurata</span> <span class='ocrx_word' id='word_1_379' title='bbox 176 4064 366 4126; x_wconf 84' lang='lat' dir='ltr'>distinctione</span> <span class='ocrx_word' id='word_1_380' title='bbox 384 4068 594 4126; x_wconf 84' lang='lat' dir='ltr'>videbaturhic</span> <span class='ocrx_word' id='word_1_381' title='bbox 616 4068 697 4127; x_wconf 90' lang='lat' dir='ltr'>locus</span> <span class='ocrx_word' id='word_1_382' title='bbox 708 4067 864 4146; x_wconf 73' lang='lat' dir='ltr'>personari.</span> <span class='ocrx_word' id='word_1_383' title='bbox 889 4066 963 4125; x_wconf 78' lang='lat' dir='ltr'>&#39;Hoc</span> <span class='ocrx_word' id='word_1_384' title='bbox 978 4065 1069 4125; x_wconf 88' lang='lat' dir='ltr'>dicit:</span> <span class='ocrx_word' id='word_1_385' title='bbox 1089 4068 1112 4124; x_wconf 92' lang='lat' dir='ltr'>si</span> <span class='ocrx_word' id='word_1_386' title='bbox 1128 4065 1169 4123; x_wconf 91' lang='lat' dir='ltr'>illi</span> 
     </span>
     <span class='ocr_line' id='line_1_50' title="bbox 73 4147 1170 4228; baseline 0.004 -28"><span class='ocrx_word' id='word_1_387' title='bbox 73 4147 168 4223; x_wconf 87' lang='lat' dir='ltr'>nprobi</span> <span class='ocrx_word' id='word_1_388' title='bbox 189 4147 258 4220; x_wconf 86' lang='lat' dir='ltr'>sint,</span> <span class='ocrx_word' id='word_1_389' title='bbox 279 4167 316 4206; x_wconf 90' lang='lat' dir='ltr'>ne</span> <span class='ocrx_word' id='word_1_390' title='bbox 336 4158 390 4206; x_wconf 87' lang='lat' dir='ltr'>nos</span> <span class='ocrx_word' id='word_1_391' title='bbox 410 4150 501 4228; x_wconf 80' lang='lat' dir='ltr'>magis</span> <span class='ocrx_word' id='word_1_392' title='bbox 522 4149 768 4228; x_wconf 85' lang='lat' dir='ltr'>improbaesimus.</span> <span class='ocrx_word' id='word_1_393' title='bbox 810 4147 865 4206; x_wconf 83' lang='lat' dir='ltr'>Est</span> <span class='ocrx_word' id='word_1_394' title='bbox 874 4158 972 4206; x_wconf 86' lang='lat' dir='ltr'>sutem</span> <span class='ocrx_word' id='word_1_395' title='bbox 983 4158 1033 4211; x_wconf 80' lang='lat' dir='ltr'>aut</span> <span class='ocrx_word' id='word_1_396' title='bbox 1043 4148 1170 4206; x_wconf 80' lang='lat' dir='ltr'>omnibus</span> 
     </span>
     <span class='ocr_line' id='line_1_51' title="bbox 73 4225 1169 4311; baseline 0.002 -29"><span class='ocrx_word' id='word_1_397' title='bbox 73 4225 136 4286; x_wconf 84' lang='lat' dir='ltr'>rima</span> <span class='ocrx_word' id='word_1_398' title='bbox 147 4229 241 4296; x_wconf 84' lang='lat' dir='ltr'>brevi,</span> <span class='ocrx_word' id='word_1_399' title='bbox 256 4240 306 4288; x_wconf 83' lang='lat' dir='ltr'>aut</span> <span class='ocrx_word' id='word_1_400' title='bbox 319 4230 404 4289; x_wconf 85' lang='lat' dir='ltr'>simus</span> <span class='ocrx_word' id='word_1_401' title='bbox 418 4248 475 4290; x_wconf 82' lang='lat' dir='ltr'>uns</span> <span class='ocrx_word' id='word_1_402' title='bbox 488 4231 599 4311; x_wconf 78' lang='lat' dir='ltr'>syllaba</span> <span class='ocrx_word' id='word_1_403' title='bbox 611 4229 872 4310; x_wconf 84' lang='lat' dir='ltr'>pronunciandum.</span> <span class='ocrx_word' id='word_1_404' title='bbox 901 4226 992 4291; x_wconf 86' lang='lat' dir='ltr'>Aliud</span> <span class='ocrx_word' id='word_1_405' title='bbox 1003 4227 1169 4309; x_wconf 86' lang='lat' dir='ltr'>exemplum</span> 
     </span>
     <span class='ocr_line' id='line_1_52' title="bbox 73 4308 951 4393; baseline 0.008 -27"><span class='ocrx_word' id='word_1_406' title='bbox 73 4308 131 4369; x_wconf 81' lang='lat' dir='ltr'>nin</span> <span class='ocrx_word' id='word_1_407' title='bbox 147 4309 294 4393; x_wconf 80' lang='lat' dir='ltr'>Amphitr.</span> <span class='ocrx_word' id='word_1_408' title='bbox 309 4312 334 4373; x_wconf 92' lang='grc' dir='ltr'><strong>Ι.</strong></span> <span class='ocrx_word' id='word_1_409' title='bbox 350 4315 377 4389; x_wconf 82' lang='grc'>1,</span> <span class='ocrx_word' id='word_1_410' title='bbox 393 4316 421 4373; x_wconf 84' lang='grc'><strong>6.</strong></span> <span class='ocrx_word' id='word_1_411' title='bbox 686 4327 688 4331; x_wconf 76' lang='grc'>’</span> <span class='ocrx_word' id='word_1_412' title='bbox 950 4324 951 4329; x_wconf 76' lang='grc'>’</span> 
     </span>
    </p>
   </div>
   <div class='ocr_carea' id='block_1_9' title="bbox 580 4364 648 4473">
    <p class='ocr_par' dir='ltr' id='par_1_9' title="bbox 580 4364 648 4473">
     <span class='ocr_line' id='line_1_53' title="bbox 580 4364 648 4473; baseline -0.059 0"><span class='ocrx_word' id='word_1_413' title='bbox 580 4364 648 4473; x_wconf 86' lang='lat' dir='ltr'>Ii</span> 
     </span>
    </p>
   </div>
   <div class='ocr_carea' id='block_1_10' title="bbox 0 0 1352 4866">
    <p class='ocr_par' dir='ltr' id='par_1_10' title="bbox 0 0 1352 4866">
     <span class='ocr_line' id='line_1_54' title="bbox 0 0 1352 4866; baseline 0 0"><span class='ocrx_word' id='word_1_414' title='bbox 0 0 1352 4866; x_wconf 95' lang='lat' dir='ltr'> </span> 
     </span>
    </p>
   </div>
  </div>
 </body>
</html>
