2694 4866
501 722 737 835 nisan
779 750 835 851 11.

378 1044 436 1104 na
468 1047 629 1103 Marius
663 1038 961 1106 amrmemus

526 1337 809 1377 fi

584 1573 696 1650 CAP.
722 1573 753 1646 I.

267 1825 319 1876 DE
345 1825 556 1878 GENERIBUS
580 1825 794 1898 METRORUM
821 1826 1085 1879 stnrrmcwntd.

121 2189 123 2196 .
151 2134 178 2190 J.
197 2110 363 2195 METRA
377 2129 673 2211 simpliciavocamue,
685 2150 750 2210 quae
764 2150 823 2189 uno
833 2150 941 2210 genere
949 2131 1063 2191 numeri
1076 2117 1228 2194 continen·
1268 2128 1269 2132 ’
1289 2128 1294 2139 ’

127 2215 168 2270 tur.
202 2211 241 2270 Et
255 2233 346 2294 quum
367 2213 480 2272 numeri
493 2230 593 2276 omnes
606 2222 657 2272 aut
670 2212 701 2271 in
724 2213 787 2292 ipsa
799 2213 855 2272 arsi
877 2212 1046 2286 consistant,
1066 2225 1118 2274 aut
1131 2215 1227 2275 thesin

126 2285 229 2354 habeant
242 2294 300 2354 arsi
320 2294 471 2373 aequalem,
483 2305 535 2354 aut
555 2293 734 2354 brevionirus
754 2293 785 2352 in
798 2293 874 2353 thesi
887 2313 975 2373 quam
987 2293 1018 2353 in
1042 2297 1099 2355 arsi
1114 2307 1227 2375 tempo·

99 2430 103 2435 .
126 2368 186 2434 ribus
196 2374 366 2455 procedant,
388 2374 531 2454 triplicem
544 2386 665 2461 apparet
684 2386 845 2436 metrorum
864 2374 1038 2459 simpliciam
1058 2375 1229 2439 divisionem

125 2466 180 2517 itte.

154 2539 178 2597 2.
195 2538 310 2599 Horum
333 2537 459 2618 primum
481 2557 583 2618 genus,
612 2537 691 2618 quod
715 2556 754 2597 ex
778 2537 986 2598 soiisarsibus
1009 2550 1135 2613 constat,
1159 2510 1228 2619 ritnt

124 2619 300 2693 memorabile,
313 2638 455 2699 nusquam
468 2631 567 2679 tamen
580 2619 683 2688 scium,
694 2617 748 2679 sed
760 2639 874 2699 semper
886 2619 932 2679 vel
946 2621 1145 2680 consociatum
1157 2641 1226 2680 cnm

124 2692 171 2756 aliis
186 2701 321 2773 numeris,
341 2702 388 2762 vel
407 2701 442 2761 iis
461 2702 608 2781 adjectum
628 2700 783 2761 invenitur.
832 2699 1001 2761 Secundum
1042 2721 1124 2772 enus,
1145 2696 1228 2783 quod

124 2774 224 2856 floralia
235 2782 324 2843 habet
338 2801 434 2842 arseos
448 2782 607 2843 ectheseos
627 2793 769 2863 tempora,
782 2801 919 2841 numeros
938 2723 1143 2861 compiectitur
1155 2803 1230 2878 pyr..

123 2854 275 2936 rhichiacos,
298 2863 498 2942 tribrachicos,
523 2862 806 2945 proceleusmaticos,
830 2862 1014 2943 spondiacus,
1038 2865 1225 2928 Molossrcos.

123 2932 234 3003 Tertiran
248 2944 374 3025 denique
387 2964 490 3024 genus,
504 2945 584 3024 quod
598 2945 635 3004 ob
648 2944 819 3022 varietatem
832 2963 983 3014 mensurae,
995 2945 1064 3024 quia
1077 2965 1116 3006 cx
1128 2946 1224 3026 longis

122 3021 278 3087 etbrevibus
299 3026 477 3106 temporibus
491 3036 616 3099 constat,
637 3026 766 3086 omnium
787 3025 1003 3093 usitatissimum
1024 3038 1078 3097 est,
1100 3027 1178 3088 unde
1191 3028 1223 3087 in

109 3115 148 3159 eo
164 3104 221 3166 fere
252 3108 344 3166 omnis
368 3107 501 3168 doctrina
528 3106 651 3167 metrica
681 3116 850 3187 occupatur,
877 3106 931 3166 hos
961 3107 1051 3168 habet
1074 3128 1222 3184 numeros,

120 3185 270 3261 *schacos
278 3188 450 3268 dactylicos,
457 3189 612 3269 paeonicos.
644 3187 908 3248 Grammaticorum
920 3187 996 3247 anim
1007 3188 1222 3252 distinctionem

117 3266 380 3407 &adserendam
399 3269 573 3350 putavimus,
587 3288 647 3329 non
659 3267 792 3329 videmur
813 3269 1004 3330 excusatione
1018 3290 1090 3350 opus
1103 3271 1221 3333 habere.

170 3351 245 3410 enim
258 3350 308 3410 illa
320 3350 399 3410 omni
421 3334 612 3421 fundamento
625 3350 773 3412 destituta.
814 3350 856 3410 Hi
869 3370 974 3412 novem
988 3363 1101 3431 ponunt
1113 3372 1223 3432 genera

115 3431 455 3506 metrorum'iambicum,
479 3432 669 3502 trochaicum,
695 3432 885 3513 dactylicum,
908 3432 1123 3511 anapaesticum
1149 3434 1218 3491 cho-

113 3506 278 3586 rimrbicum,
292 3511 521 3594 antispasticum,
536 3506 637 3573 Ionica
649 3513 719 3587 duo,
729 3513 907 3594 paeonicnm;
927 3513 1031 3592 quibus
1042 3512 1220 3574 recentiores
1329 3580 1332 3585 .

92 3605 351 3675 ‚mrumaccurare
365 3594 615 3656 Anacreonticum
627 3593 747 3654 addunt.
1242 3612 1248 3620 ‘

562 3790 677 3866 CAP.
705 3789 772 3863 Ii.v

312 4000 315 4005 ’
415 3985 466 4034 ΒΕ
492 3984 574 4034 ARSI
603 3983 711 4033 NUDA
736 3984 784 4033 ΕΤ
812 3982 907 4032 BASI.

135 4139 160 4194 l.
175 4133 401 4202 hamanus,
413 4141 447 4189 ut
456 4140 683 4190 consentaneum
694 4139 748 4199 esr,
758 4127 873 4186 illorum
888 4135 932 4185 est
942 4141 1128 4187 numerorum
1139 4145 1218 4202 usus,

96 4215 185 4294 quiin
200 4233 262 4273 una
273 4213 330 4272 arsi
343 4211 513 4270 consistunt
555 4210 621 4269 Nec
634 4221 730 4270 tamen
751 4208 800 4268 ille
813 4225 929 4287 prorsus
943 4216 988 4265 cst
1007 4207 1219 4287 excludendus,

93 4296 219 4374 qmndo,
234 4314 301 4375 quae
314 4292 395 4373 apud·
411 4293 543 4353 scenicos
556 4294 660 4370 poetae
671 4288 878 4370 monosyllaba
898 4287 1116 4365 interjectiones
1135 4309 1218 4368 repe·
