2694 4866
115 295 175 353 226
463 290 543 352 Lllt.
561 293 607 354 11.
627 292 720 354 CAP.
740 294 883 356 xxvllt

115 463 178 543 agris
189 458 264 538 Igu»,
278 463 318 524 riv
332 457 357 521 ii
370 448 480 544 derigat
493 461 618 539 ινζνγίιιι
631 462 812 539 demutabitur
826 465 850 537 ii
863 463 959 542 ἆρφιῒν
970 466 1123 538 naemu
1141 465 1226 529 iuri·

115 558 165 600 m
994 576 997 583 Ι
1213 560 1216 567 .

156 583 183 679 d.
206 621 332 693 casura,
346 632 379 679 ut
392 622 463 693 dixi,
477 622 646 681 inviolabilis
670 618 737 695 est,
747 643 842 703 neque
862 624 998 702 neglecta
1010 625 1167 701 invenitur,
1178 627 1224 687 niti

50 720 53 725 ·
115 701 289 761 necessitate
303 702 425 763 nominis
438 703 546 782 proprii
561 716 695 781 cogente,
717 715 749 763 ut
762 706 840 785 apud
854 707 1075 778 Callimachum,

194 821 247 900 itgd
261 826 300 880 rit
313 816 338 880 ii
353 819 528 902 Atwuogiitu
540 823 616 894 qunti·
957 802 987 862 V
1255 798 1258 897 i

116 928 277 997 Elisionem
291 952 360 993 vero
374 933 404 991 in
418 953 528 993 caesura
551 933 658 994 factam
680 952 739 993 non
762 933 864 996 obesse
888 954 1017 1009 casurae,
1037 936 1224 997 monitumett
1255 902 1258 997 i

111 1011 172 1089 jam
185 1011 215 1071 in
229 1014 322 1092 primo
334 1012 409 1074 libro
423 1034 488 1093 cap.
503 1019 532 1087 8,
548 1022 576 1078 5.
597 1027 628 1075 et
641 1014 756 1076 dixerat
768 1035 805 1077 ea
817 1016 855 1078 de
867 1036 900 1078 re
915 1016 1067 1079 Bentleius
1079 1014 1120 1079 ad
1131 1016 1224 1079 Horo

114 1111 203 1154 carm.
217 1095 272 1155 IV.
287 1099 315 1164 8,
332 1100 380 1161 17.
420 1096 573 1175 Meleager
588 1098 657 1158 XII.
671 1103 701 1161 4.

196 1217 237 1271 tir
250 1213 531 1295 rgtaeriuogptr''Egur'
543 1213 651 1275 imm
666 1216 686 1274 ir
699 1212 801 1296 agnitis-

116 1323 248 1384 Catullus
262 1325 405 1385 LXVIII.
420 1332 469 1387 88.
484 1336 534 1392 90.
547 1330 670 1390 LXXV.
685 1334 713 1390 8.
728 1328 793 1391 XC.
806 1335 837 1390 4.

221 1457 263 1493 am
274 1443 382 1496 veniens
394 1460 448 1498 una
455 1453 535 1515 atque
546 1444 629 1499 altera
641 1460 729 1499 rursus
740 1445 833 1500 hiems.

209 1511 267 1565 ruia
278 1513 361 1567 virum
373 1524 402 1569 et
412 1515 539 1569 virtutum
551 1516 668 1570 omnium
681 1519 777 1571 acerba
786 1516 862 1570 cinis.

185 1597 235 1635 nec
248 1582 375 1639 desistere
386 1603 483 1652 amare,
494 1587 582 1641 omnia
595 1587 616 1641 si
627 1585 717 1641 iacias.

186 1651 283 1708 sivera
294 1665 335 1710 est
347 1658 485 1711 Persarum
498 1656 578 1730 impia
589 1656 699 1728 relligio.

154 1756 184 1811 4·
207 1759 259 1818 Ad
271 1778 433 1820 mensuram
449 1759 529 1838 quod
542 1761 657 1831 attinet,
671 1759 750 1839 prior
762 1759 850 1838 hujus
859 1777 958 1820 versus
971 1778 1038 1838 pars
1047 1758 1135 1822 etiarn
1148 1776 1218 1841 spot·

115 1834 185 1894 deos
209 1841 322 1920 recipit,
346 1841 489 1919 posterior
511 1841 590 1900 hunc
614 1841 720 1919 pedem
743 1840 828 1919 plane
852 1838 1051 1920 adspernatur.
1103 1843 1176 1903 itiam
1193 1847 1220 1898 ut

113 1925 242 1981 omnium
265 1940 401 1983 versuum
422 1923 547 1982 extremi
570 1923 686 1981 ordines
706 1921 869 1981 distinctius
889 1923 1058 1995 audiuntur,
1079 1924 1148 2004 quia
1163 1916 1219 1981 nihii

114 2015 165 2057 θῦε
178 2004 318 2082 sequitur,
333 2001 412 2084 quod
425 2004 616 2064 attentionem
637 2005 695 2063 alio
706 2002 856 2074 deflectat,
875 2004 917 2064 ita
928 2004 959 2062 in
978 2004 1081 2082 primia
1093 2005 1114 2064 ii
1127 2018 1219 2071 ruent.

114 2077 164 2157 qui
179 2085 235 2145 arsi
248 2086 450 2158 terminantur,
472 2085 609 2164 quoniam
621 2105 715 2164 usque
728 2086 766 2145 ad
780 2084 867 2144 finem
885 2084 976 2145 fortes
988 2097 1020 2144 et
1033 2086 1146 2147 alacres
1155 2092 1220 2152 sunt

119 2163 258 2238 majorem
272 2166 326 2227 sibi
339 2166 518 2243 diligentiam
538 2167 694 2246 postulant.
735 2166 771 2225 Id
785 2179 905 2236 veteres,
927 2185 1051 2244 quorum
1065 2160 1222 2227 admirabili

108 2222 169 2307 ,fuit
182 2250 211 2306 in
225 2249 270 2308 his
285 2250 371 2308 rebus
386 2248 540 2325 elegantia,
554 2249 596 2306 ita
609 2247 743 2318 advertit,
757 2258 790 2306 ut
803 2247 898 2324 legem
913 2246 990 2304 illam
1004 2267 1118 2307 summa
1131 2242 1220 2308 setei-

111 2337 173 2389 tate
188 2332 383 2390 observarent.
424 2329 513 2394 Quod
526 2328 551 2387 si
564 2329 736 2387 nostratium
759 2331 911 2407 poetarum
926 2327 1044 2406 quidam
1065 2329 1218 2409 spondeum.

112 2409 201 2469 immo
215 2411 375 2470 trochaeum
385 2409 416 2466 in
429 2409 589 2488 posteriore
600 2420 683 2487 parte
696 2409 870 2487 pentametri
881 2408 935 2467 sibi
944 2409 1137 2483 indulserunt,
1147 2408 1218 2486 idque

112 2492 200 2550 etiam
215 2490 372 2550 defendere
385 2490 571 2559 studuerunt,
585 2490 656 2566 quid
671 2490 750 2547 aliud
764 2492 926 2568 eos‚·'quam
940 2488 1026 2547 sImul
1039 2490 1218 2550 etadmitterr

111 2570 263 2642 incuriam,
279 2584 310 2631 et
324 2571 503 2630 dissimulare
516 2568 641 2628 voluisse
654 2568 838 2647 putabimus?
1255 2630 1258 2649 Δ

151 2657 181 2713 5.
203 2654 251 2711 De
265 2651 410 2731 elegantia
423 2670 521 2710 versus
541 2650 663 2728 elegiaci
677 2652 714 2710 ob
729 2653 845 2711 easdem
866 2670 991 2722 caussas,
1006 2663 1039 2710 ut
1054 2651 1085 2710 in
1098 2652 1217 2712 hexme
1250 2638 1258 2723 ζ

109 2745 168 2807 tro,
182 2733 266 2794 aliter
291 2732 426 2805 Romani,
441 2748 527 2813 quam
552 2732 660 2803 Graeci,
683 2733 861 2810 judicarunt
903 2732 1029 2811 Utrique
1050 2747 1117 2792 raro
1138 2730 1216 2791 ierat
1250 2734 1255 2755 ³

111 2834 235 2888 versum,
251 2819 335 2896 cujus
355 2813 460 2892 singuli
475 2815 563 2891 pedes
576 2832 615 2872 ex
636 2814 757 2892 singulis
775 2812 923 2873 vocabulis
943 2823 1121 2884 constarent,
1136 2809 1215 2894 qudo
1254 2845 1258 2880 ι

109 2897 140 2954 hi
154 2908 232 2968 sunt,
247 2895 428 2973 Theognidis
441 2898 511 2954 448.
554 2892 664 2954 Catulli
677 2895 821 2954 LXXVI.
835 2900 866 2955 8.

193 3009 281 3080 orirer,
301 3007 385 3091 dmg
402 3018 450 3079 νῦν,
464 3006 552 3077 odiatis
563 3008 632 3084 ἕξιος
646 3008 675 3072 ti

192 3134 239 3179 aut
248 3124 345 3191 fatere,
356 3124 415 3180 hacc
428 3142 444 3179 a
456 3135 484 3181 te
495 3125 620 3198 dictaque
630 3125 752 3198 sactarpre
763 3135 834 3182 sunt·

112 3230 147 3288 In
170 3227 260 3306 priori
282 3240 365 3307 parte
390 3226 551 3307 elegantior
575 3241 619 3288 est
643 3226 789 3310 spondeus
813 3226 932 3308 dactylo
962 3228 1121 3308 subiectura,
1143 3218 1211 3307 qu!⁸
1255 3297 1258 3311 ς

110 3308 272 3389 spondeum
286 3328 411 3389 sequens
425 3309 569 3389 dactylus,
584 3311 653 3389 quia
673 3311 843 3370 decrescere
856 3309 952 3387 potius
973 3324 1060 3388 quam
1075 3310 1211 3369 inerme·

110 3405 173 3453 tum
189 3408 293 3469 capere
307 3410 460 3450 numerum
475 3391 621 3451 convenit.
662 3390 699 3449 ld
716 3389 810 3470 quitis
829 3389 982 3468 intelliget,
1004 3390 1054 3469 qui
1069 3392 1211 3471 comparili
1244 3398 1253 3417 ⁵

109 3474 231 3535 alteram
244 3472 387 3535 rationem
401 3488 468 3530 cum
484 3471 575 3532 altera
588 3470 679 3532 volet:

179 3589 224 3645 vix
236 3588 355 3644 Priamus
366 3589 433 3643 tanti
445 3598 554 3659 totaque
567 3588 648 3643 Troia
658 3587 718 3644 fuit.

179 3677 222 3715 res
234 3669 275 3714 est
287 3659 395 3714 solliciti
406 3659 486 3728 plena
504 3659 699 3716 timorisamor.
796 3687 800 3693 ·

149 3767 178 3823 8.
200 3763 248 3823 Ob
272 3762 404 3821 eamdem
428 3781 558 3823 caussam
583 3762 680 3823 minua
703 3761 811 3841 placet,
835 3752 996 3840 pracsertim
1018 3758 1049 3818 in
1071 3753 1207 3840 portem
1238 3738 1240 3753 Ι

109 3862 208 3901 versus
221 3853 313 3921 parte,
338 3841 451 3919 longior
470 3864 528 3903 vox
551 3844 714 3905 breviorem
738 3843 897 3923 exoipiens,
922 3853 956 3901 ut
978 3839 1058 3921 apud
1085 3834 1207 3901 cautu

110 3920 257 3983 LXVIII.
274 3929 322 3983 18.
335 3927 385 3982 66.

180 4055 240 4108 quae
252 4038 355 4094 dulcem
369 4036 438 4091 curis
450 4039 546 4094 miscet
559 4040 703 4096 amaritiem

180 4108 235 4162 tale
245 4108 296 4164 fuit
307 4109 385 4164 nobis
398 4106 513 4163 Manlius
526 4109 662 4178 airxilium,

102 4227 200 4289 ‚quam
214 4208 238 4267 si
253 4224 354 4271 contra
366 4212 410 4284 fit,
425 4221 458 4271 ut
472 4210 501 4268 in
515 4212 573 4273 hoa
585 4231 679 4283 versu,

182 4333 212 4382 ut
224 4341 285 4381 reor
296 4345 312 4383 a
323 4327 399 4393 feam,
410 4326 548 4402 Cilliopea
559 4328 619 4388 fuit.
664 4411 681 4457 Β
