2694 4866
158 293 238 355 aar
629 292 882 356 nnnrcarro.
910 264 913 269 ’

179 461 272 533 fuisse
299 461 503 544 rhythmorum
529 460 693 523 doctrinam
719 473 751 524 et
777 462 931 524 scientiam
957 472 1135 539 metrorum
1166 466 1322 547 rhythmos

179 561 260 623 enim
273 561 312 621 ad
325 560 466 621 musicam
479 572 511 620 et
524 572 654 633 cantum,
669 572 764 621 metra
776 560 815 621 ad
834 560 938 641 poesin
957 561 1151 642 pertinuisse:
1172 567 1251 628 unde
1272 568 1319 628 in.

180 658 348 738 telligimus
366 658 536 739 rhythmum
549 658 677 738 aliquam
689 658 909 720 similitudinem
924 659 1061 721 habuisse
1076 679 1144 721 cum
1162 683 1209 737 eo,
1230 685 1322 744 quem

179 757 270 818 bodie
285 774 422 818 sacrum
437 756 542 817 musici
562 767 679 832 vocant,
700 758 756 818 etsi
775 758 832 818 alia
851 777 891 819 ex
912 770 997 840 parte
1020 760 1089 820 huic
1113 760 1324 831 dissimillimus

178 857 269 920 fuerit
282 877 402 919 necesse
416 867 470 918 est.
515 856 688 942 Utramque,
709 868 740 918 et
760 856 956 939 rhythmicam
980 870 1011 919 et
1034 859 1186 921 metricam
1210 862 1323 926 doctri-

162 982 164 987 ¹
178 974 258 1032 nam,
272 957 372 1038 primis
384 956 468 1016 lineis
481 955 665 1017 adumbravit
679 956 825 1033 Aristides
838 956 1048 1032 Quintilianus,
1069 959 1122 1019 sed
1142 969 1204 1020 tam
1220 962 1319 1023 brevi.

178 1064 236 1129 ter,
250 1065 370 1135 tamque
383 1073 487 1135 parum
505 1053 662 1135 explicate,
685 1066 720 1115 ut
737 1055 915 1137 perexiguus
938 1056 1008 1117 inde
1026 1056 1141 1118 fructus
1161 1058 1319 1122 redundet.

176 1155 227 1216 Ita
239 1155 382 1236 praeclusa
395 1153 475 1214 omni
486 1153 535 1214 via
547 1154 586 1215 ad
599 1173 665 1215 eam
678 1165 782 1229 artem,
797 1174 857 1236 qua
868 1156 966 1236 poitae
980 1155 1025 1215 usi
1037 1165 1116 1231 runt,
1131 1175 1318 1236 cognoscen-

178 1253 257 1325 dam,
268 1250 322 1312 soli
338 1250 442 1332 reliqui
456 1263 534 1325 sunt,
550 1253 589 1314 ad
609 1272 683 1335 quos
704 1253 920 1334 confugiamus,
940 1254 1066 1316 metrici.
1107 1258 1152 1315 At
1174 1255 1319 1336 quinam?

176 1351 334 1413 Heliodori
343 1350 417 1411 liber
430 1351 553 1426 interiit,
562 1352 689 1413 hominis
699 1353 809 1414 laudati
824 1352 943 1433 quidem
951 1371 971 1413 a
979 1353 1137 1428 veteribus,
1148 1353 1212 1428 sed,
1223 1374 1318 1436 quan-

175 1460 240 1523 tum
254 1441 293 1512 ex
306 1451 352 1524 iis,
367 1471 433 1532 qum
447 1451 613 1513 Priscianus
626 1470 666 1513 ox
680 1471 717 1514 eo
737 1451 849 1527 retulit,
870 1451 1052 1532 conjicimus,
1073 1471 1133 1512 non
1154 1453 1314 1515 admodum

173 1551 271 1633 periti.
312 1550 761 1631 Hephoeauonirrarouhetlus,
786 1551 837 1632 qui
860 1570 951 1631 quum
975 1571 1029 1632 per
1050 1570 1082 1612 se
1105 1552 1201 1612 brevis
1225 1565 1314 1629 esset,

173 1652 275 1721 nescio
288 1670 326 1712 an
340 1650 520 1725 contractior
532 1651 622 1712 etiam
635 1648 679 1721 ud¹
687 1670 741 1711 nos
754 1649 931 1731 pervenerit,
944 1650 993 1712 vel
1005 1660 1126 1731 propter
1138 1634 1315 1713 brevitatem

173 1751 254 1813 illam
267 1771 327 1812 non
340 1762 386 1813 est
398 1751 442 1825 rei
455 1748 663 1811 exhaurienda
676 1749 782 1822 factus,
796 1760 998 1830 praetereaque
1010 1769 1071 1810 non
1091 1767 1188 1829 pauca
1209 1768 1315 1831 parum

172 1862 311 1913 accurate
324 1850 361 1909 ab
375 1849 434 1910 hoc
449 1848 592 1929 scriptore
606 1847 714 1909 tradita
726 1866 802 1922 esse,
825 1848 903 1909 inter
926 1861 1027 1909 omnes
1048 1858 1173 1910 constat.
1216 1849 1314 1909 Nihil·

172 1948 288 2011 ominus
300 1947 366 2009 fons
379 1947 429 2008 ille
450 1958 587 2008 censetur
607 1945 702 2017 omnis
725 1945 868 2007 doctrinae
890 1946 1031 2022 metrice,
1054 1957 1088 2007 ut
1110 1958 1142 2008 et
1164 1948 1313 2027 antiquior

171 2045 297 2121 ceteris,
310 2066 385 2128 quos
398 2045 439 2107 de
451 2065 487 2107 ea
500 2065 534 2107 re
547 2044 706 2126 scriptores
719 2044 871 2118 habemus,
886 2055 917 2104 et
936 2044 975 2104 ad
999 2064 1087 2124 quem
1109 2047 1147 2120 ab
1170 2045 1226 2105 illis
1250 2034 1314 2106 no'n

168 2147 294 2207 mutum
307 2145 375 2206 novi
389 2145 524 2208 accedat.
564 2144 709 2224 Idemque
721 2143 760 2204 de
773 2143 937 2205 scholiastis
951 2143 1063 2204 dictum
1077 2155 1158 2226 puta,
1171 2143 1222 2224 qui
1229 2143 1314 2206 huuc

166 2245 263 2327 ipsum
278 2245 385 2306 ducem
399 2256 488 2327 atque
501 2254 656 2307 auctorem
671 2255 844 2325 sequuntur.
885 2245 940 2318 At,
961 2242 1086 2324 inquies,
1107 2263 1174 2323 qum
1193 2254 1246 2304 tua
1266 2263 1313 2306 sa·

167 2345 280 2423 gacitas
293 2355 347 2413 est,
363 2343 599 2422 praestantissime
614 2342 783 2413 Bliimuere,
797 2351 882 2401 tanto
894 2341 986 2421 pluris
998 2340 1134 2401 facienda
1153 2352 1223 2401 sunt
1244 2342 1311 2404 He-

151 2432 336 2523 'phaestiouis
355 2451 514 2520 praecepta,
535 2439 615 2521 quod
635 2459 672 2500 ea
692 2443 801 2500 veteris
821 2439 966 2500 doctrinm
989 2432 1126 2520 reliquias
1147 2439 1308 2502 habemus:

167 2560 264 2621 neque
278 2541 357 2600 enim
370 2559 448 2600 nora
460 2550 642 2601 commentos
656 2538 748 2600 videri
761 2539 978 2620 grammaticos,
993 2559 1085 2619 quum
1106 2539 1226 2621 antiqua
1245 2560 1309 2621 prae

165 2639 301 2701 manibus
310 2639 464 2700 baberent.
484 2638 591 2699 Fateor
601 2637 728 2699 itaesse:
738 2649 770 2699 at
779 2639 858 2699 enim
867 2648 1032 2719 tampauca
1041 2638 1311 2720 inornatumque

166 2738 262 2811 rudia,
277 2747 311 2800 ut
323 2731 396 2799 nihil
409 2736 465 2798 nisi
477 2737 644 2818 fragmenta
657 2756 721 2799 esse
734 2737 841 2799 veteris
856 2736 999 2798 doctrinm
1013 2736 1177 2812 videantur,
1198 2737 1252 2798 sed
1273 2758 1310 2799 ea

167 2837 288 2898 minime
302 2837 381 2911 talia,
396 2856 435 2899 ex
449 2836 555 2919 quibus
568 2848 752 2898 naturamac
765 2837 910 2899 rationem
922 2837 1000 2897 illius
1020 2835 1163 2899 doctrinm
1171 2824 1175 2831 ’
1183 2856 1311 2918 cognos-

129 3012 132 3017 ,
167 2955 236 2997 cere
249 2936 347 2999 liceat.
389 2936 468 2998 Nam
481 2947 515 2996 ut
529 2936 673 3012 omittam,
693 2937 820 3019 plurima
841 2954 979 2998 vemuum
1002 2954 1113 3016 genera
1135 2955 1195 2997 non
1218 2938 1310 3007 modo

166 3036 316 3119 praeterita
329 3054 392 3096 esse
406 3054 425 3096 a
437 3036 645 3116 grammaticis,
658 3037 712 3098 sed
725 3056 764 3097 ne
778 3048 849 3097 nota
862 3034 984 3116 quidem
1003 3035 1039 3095 iis
1062 3035 1163 3111 fuisse,
1186 3036 1224 3097 de
1244 3038 1310 3099 aliis

165 3147 265 3197 autem
278 3155 329 3196 eos
342 3137 418 3196 adeo
430 3135 566 3217 imperite
579 3135 758 3209 dissensisse,
771 3147 807 3196 ut
820 3135 909 3198 etiam
922 3135 996 3195 falsa
1007 3135 1169 3210 traderent,
1184 3139 1266 3217 quod
1278 3139 1310 3198 in

164 3234 234 3316 ipsis
245 3232 376 3295 iambicis
385 3235 517 3295 versibus
526 3235 638 3296 iactum
649 3235 798 3297 videmus:
819 3234 891 3316 quid
904 3234 1036 3295 dicemus
1045 3235 1084 3296 de
1094 3255 1140 3308 eo,
1152 3234 1232 3315 quod
1243 3237 1308 3317 qui-

47 3396 50 3403 ,
164 3333 232 3394 dam
246 3335 370 3406 numeri,
386 3353 459 3413 quos
473 3334 504 3411 hi
519 3333 601 3414 quasi
615 3334 712 3395 obiter
725 3344 968 3409 commemorant,
982 3334 1155 3396 nobilissimi
1173 3335 1306 3411 fuerunt,

164 3443 199 3493 ut
213 3452 301 3514 quem
315 3433 375 3494 κατ’
389 3435 497 3495 ἐνόπλιον
510 3433 643 3493 vocant?
663 3445 715 3494 aut
730 3420 810 3512 quod
823 3431 891 3508 alia,
913 3453 979 3514 qum
1000 3453 1060 3493 non
1082 3433 1172 3494 fuisse
1192 3443 1307 3497 temere

163 3534 284 3595 inventa
297 3531 438 3593 credibile
451 3543 505 3602 est,
521 3531 564 3592 ita
577 3533 614 3592 ab
628 3532 663 3592 iis
677 3531 848 3605 afferuntur,
862 3543 907 3605 ut,
921 3552 1009 3613 quem
1030 3553 1117 3594 usum
1136 3533 1304 3611 habuerint,

89 3666 93 3673 =
162 3650 223 3692 non
244 3644 393 3713 appareat,
417 3631 509 3693 veluti
528 3632 586 3708 illa,
602 3651 668 3712 quae
681 3642 805 3692 vocatur
818 3633 968 3699 iniereat?
988 3633 1064 3699 Quae
1077 3632 1149 3692 mihi
1166 3632 1305 3695 ridentur

163 3730 307 3807 ejramodi
318 3749 392 3804 esse,
407 3741 440 3790 ut
453 3731 522 3791 satis
535 3741 671 3812 arguant,
686 3730 892 3811 grammaticos
906 3728 976 3792 artis
989 3731 1076 3807 illius,
1089 3732 1121 3790 iu
1134 3750 1192 3810 qua
1205 3734 1304 3811 poe‘tae

162 3839 245 3890 tsnta
264 3849 333 3890 cum
353 3829 505 3908 diligentia
522 3815 754 3906 elaboraverant,
777 3829 826 3890 vix
850 3840 972 3890 tenuem
995 3831 1132 3892 habuisse
1156 3831 1303 3892 notitiam.

161 3927 229 3987 Nec
238 3929 353 3990 mirum.
395 3931 494 3995 Quum
505 3930 593 4003 enim,
605 3943 639 3990 ut
652 3915 720 3993 ante
735 3932 806 4003 dixi,
822 3933 946 4013 po'e'seos
956 3933 1059 3994 intima
1068 3942 1146 3991 esset
1157 3952 1226 3993 cum
1235 3951 1301 3992 mu-

161 4026 222 4087 sica
249 4029 430 4105 conjunctio,
460 4039 680 4110 metrorumque
708 4031 841 4104 scientia,
869 4032 1000 4112 quamvis
1027 4029 1141 4093 diversa
1167 4033 1205 4092 ab
1237 4043 1302 4093 arte
1342 4062 1345 4067 ·

160 4125 335 4205 rhythmica,
359 4136 457 4187 tamen
478 4131 579 4188 carere
599 4127 687 4207 hujus
708 4129 778 4190 artis
798 4148 854 4189 risu
873 4150 933 4193 non
954 4141 1065 4210 posset,
1086 4131 1184 4191 choris
1206 4130 1302 4191 conti·
1340 4184 1344 4199 ,

94 4294 97 4299 ⁴
161 4224 346 4287 cercentibus
360 4225 536 4287 oblivionem
553 4226 668 4307 insequi
681 4246 869 4290 numerorum
883 4229 954 4291 artis
974 4249 1098 4291 necesse
1119 4241 1200 4291 erat:
1221 4230 1302 4290 unde
1335 4220 1340 4285 ’.

159 4325 253 4409 potuis
267 4343 285 4386 a
298 4337 390 4387 cantu
403 4325 442 4387 ad
455 4326 670 4404 recitationem,
684 4329 722 4389 ab
743 4327 894 4391 auditione
917 4327 957 4391 ad
975 4328 1134 4394 lectionem
1154 4338 1303 4402 revocata,
1338 4366 1346 4387 ι
