2694 4866
191 223 1041 320 5111111101τιιιΜεΤειεΑοΑτΑιειτιε.
1141 257 1181 325 11

79 429 204 575 1401111111]
218 448 248 508 p.
262 390 311 493 56.
326 426 377 488 ubi
387 426 475 487 etiam
484 425 627 486 monitum
639 436 694 501 est,
708 425 739 484 in
752 425 811 486 hoc
825 426 905 486 Ionis
916 425 1068 508 Euripidei
1081 446 1178 504 versu,

127 635 140 692 ὅ
153 631 208 699 suls
222 629 246 690 ν’
259 628 369 703 isaias?
386 630 408 690 ir
421 628 503 708 δέμας
516 626 579 707 ἴχιυ
593 628 694 710 abaco,

79 745 195 805 nizesin
204 743 234 802 in
245 743 339 824 primo
349 743 425 823 pede
434 761 507 802 esse.
548 742 584 801 ln
601 741 700 820 Ajacis
713 739 869 819 Sophoclei
879 760 908 798 v.
917 743 987 807 571.
997 741 1177 802 emendatio-

79 847 114 888 en
136 827 176 886 ibi
192 845 210 885 a
223 845 271 884 me
284 825 462 904 propositam
477 823 645 884 Lobeclrins
658 834 747 903 atque
769 821 937 881 Erfurdtius
958 823 988 880 in
1002 834 1118 883 textum
1131 843 1177 883 re·
1295 883 1298 889 f

79 919 198 988 perunt.
239 909 275 968 In
300 907 371 967 OEd.
393 907 458 966 Col.
482 910 570 965 1360.
591 924 615 964 ε.
636 925 696 963 non
709 905 805 963 minus
818 914 940 976 temere,
954 924 1040 982 quam
1054 905 1084 961 in
1098 905 1177 984 prin·

79 991 122 1070 pio
138 989 277 1063 Electrae,
290 988 476 1047 introductus
489 997 535 1046 est
548 996 720 1066 anapestus.
761 985 920 1046 Verissima
932 999 977 1045 ast
989 986 1121 1066 vulgata:

126 1136 156 1193 eri
167 1135 290 1192 κλειναὶ
304 1127 326 1191 δ’
340 1133 413 1200 inlr,
428 1130 492 1190 ἄλλ’
506 1106 715 1208 1111μέ111πῶ

126 1211 195 1282 τίδ’,
210 1212 294 1296 ὅστις
308 1211 390 1292 111ζὸ
404 1220 449 1274 σοῦ
463 1211 549 1286 φονίας
562 1212 718 1290 ammaim.

79 1345 158 1387 ersus
171 1344 211 1387 ex
224 1325 355 1385 Lemniis
371 1324 525 1404 Sophoclis
538 1324 617 1403 apud
632 1323 814 1384 Scholiasten
829 1323 959 1384 Platonis
972 1344 1002 1404 p.
1017 1328 1085 1386 133.

129 1446 202 1523 ταχὺ
216 1441 238 1504 δ’
252 1447 312 1505 arisi
327 1442 396 1518 διίξιι
404 1441 519 1526 τοῦργον,
533 1442 564 1510 ὣς
578 1442 626 1515 igal
640 1442 736 1520 σειφῖς,
1176 1475 1182 1522 p
1220 1508 1221 1513 ,

79 1579 106 1620 >n
119 1560 235 1620 videtur
248 1578 423 1640 repugnare,
447 1558 472 1617 si
496 1557 615 1636 quidem
638 1557 702 1616 haec
723 1555 832 1629 fabula,
857 1567 891 1615 ut
903 1555 1030 1630 videtur,
1050 1527 1183 1636 satyrica*

79 1643 114 1701 rit.
154 1643 190 1700 In
214 1642 259 1701 his
280 1643 358 1702 enim
379 1641 430 1701 tali
444 1639 539 1720 tersui
553 1637 638 1699 venia
660 1649 715 1699 est.
759 1638 814 1700 Sio-
834 1638 991 1718 AEschylus
1014 1639 1046 1698 in
1072 1642 1177 1723 Klgozo

79 1723 128 1802 11111
142 1723 293 1788 Pollucem
308 1725 346 1782 X.
365 1728 433 1785 186.

129 1844 198 1901 κατὰ
213 1846 255 1907 τῆς
269 1840 380 1922 rurigena
393 1847 435 1907 τῆς
449 1841 567 1906 lunulas
582 1836 665 1922 δοςές.

80 1968 197 2016 raeterea
216 1956 376 2016 tenendum
391 1966 444 2024 est,
459 1955 583 2013 vitatum
596 1953 689 2014 videri
701 1952 732 2011 in
745 1951 910 2032 antiquiore
923 1953 1067 2032 tragoedia
1090 1954 1178 2015 etiam

79 2055 114 2095 rm
124 2039 152 2095 in
161 2039 255 2117 primo
268 2039 344 2117 pede
357 2048 546 2116 anapaestum,
561 2035 658 2114 quiex
672 2036 822 2112 augmenti
834 2035 1002 2096 accessione
1012 2036 1175 2098 exsisteret.

79 2137 154 2199 aque
170 2119 330 2198 Sophocles
344 2119 374 2178 in
389 2119 510 2178 Electra
522 2139 550 2176 v.
565 2123 636 2184 714.
649 2116 782 2196 scripsit:

132 2253 232 2314 κτῦπον
246 2257 366 2336 ageratos
381 2254 511 2335 ὶςμιίτυν
533 2251 594 2318 stim
609 2248 632 2309 δ’
645 2249 695 2312 lira

128 2335 245 2418 ’φοςεῖ3’·
265 2338 327 2414 ὅμιῧ
340 2333 366 2394 δὲ
379 2336 469 2410 vines
483 2331 698 2415 iraeptpslwimff

79 2451 245 2532 011101ςεῖ9.
289 2448 392 2510 Crasin
413 2449 531 2527 quidem
558 2442 694 2508 hicnon
721 2447 882 2526 repudiem‚
907 2447 985 2527 quia,
1014 2459 1110 2523 utre,
1138 2450 1181 2512 ita

79 2532 269 2592 renunciando
283 2531 488 2610 conjungenda
500 2540 568 2588 sunt
578 2531 667 2589 verba
676 2528 727 2589 also
737 2530 852 2613 ’φοςιῖτλι
893 2531 1061 2590 Videndum
1071 2544 1181 2605 autem,
1230 2546 1232 2550 ·

79 2613 156 2672 nhac
179 2613 306 2673 maxime
321 2612 358 2672 de
373 2631 475 2672 caussa
488 2611 628 2690 salago'pm
642 2623 673 2670 et
685 2615 802 2691 καθεῖμεν
815 2613 914 2671 dicere
938 2612 1056 2689 tragicis
1079 2613 1180 2692 placn‘·

79 2692 119 2766 rit,
133 2693 211 2774 quod
226 2696 347 2753 verbum
361 2694 391 2753 in
405 2694 488 2752 initio
501 2711 601 2752 versus
624 2692 770 2751 invenitur
784 2693 814 2750 in
829 2693 962 2772 AEschyl.
987 2695 1085 2753 Prom.
1109 2700 1179 2757 339.

79 2776 142 2853 oph.
157 2776 259 2858 Antig.
273 2782 343 2838 411.
368 2775 438 2835 OEd.
461 2774 527 2835 Col.
558 2777 644 2837 1597.
666 2774 772 2834 Trach·
796 2779 865 2835 918.
890 2774 992 2852 Eurip.
1013 2774 1117 2834 Phoen.
1132 2781 1181 2842 75.

79 2874 153 2934 ragm.
168 2857 239 2917 OEd.
255 2863 302 2918 16.
343 2858 447 2936 ltaque
462 2855 620 2934 AEschylus
629 2854 659 2913 in
674 2856 770 2915 Persis
783 2875 810 2916 v.
824 2861 894 2920 376.
908 2860 1062 2919 masos.
1076 2858 1181 2931 noluit,

80 2938 131 3012 11011
144 2938 239 2998 editor
252 2938 443 3017 Glasguensls
456 2937 563 3016 posuit,
588 2936 730 3020 irgoxo'iio,
754 2940 912 3009 assatam,
936 2937 1029 2998 ’ἔπιτνον
1042 2939 1182 3014 scribere,

79 3018 196 3079 eddedit
217 3029 352 3103 agmon,
365 3029 513 3091 κυκλοῦντο,
528 3026 630 3091 πῖπτον,
652 3019 769 3097 quando
782 3037 821 3077 ex
844 3018 962 3098 egregia
988 3018 1111 3087 Seidleri
1131 3023 1184 3081 ob-

79 3102 221 3175 ervatione,
236 3105 319 3181 cujus
333 3101 511 3161 mentionem
524 3119 612 3179 supra
624 3100 675 3159 lib.
690 3100 713 3158 1.
729 3120 754 3159 c.
772 3105 819 3171 10,
837 3105 884 3173 ll.
898 3120 927 3179 p.
941 3105 991 3163 53.
1010 3101 1079 3174 feci,
1094 3101 1125 3160 in
1146 3103 1181 3163 iis

79 3182 134 3255 tois,
147 3203 213 3263 quae
230 3186 304 3267 ῥήσιες
319 3191 462 3258 misul
475 3183 666 3254 vocabantur,
680 3192 711 3241 et
724 3183 747 3240 si
763 3182 833 3261 quid
856 3183 900 3240 his
924 3182 1016 3241 simile
1040 3194 1094 3256 est,
1120 3185 1182 3263 epi·

79 3281 154 3323 omm
167 3285 249 3325 more
263 3265 418 3344 negligunt
436 3274 625 3342 augmentum
645 3263 759 3340 tragici.
802 3263 956 3342 Exempla,
977 3276 1084 3343 praeter
1107 3265 1181 3338 haec,

79 3341 428 3419 recommemoravimua
442 3345 509 3404 vide
534 3345 565 3403 in
591 3345 723 3424 AEschyli
739 3346 835 3404 Persis
848 3350 918 3406 416.
933 3351 1003 3407 458.
1045 3347 1180 3426 Choe'ph.

80 3430 123 3488 36.
139 3428 251 3510 (sciens
271 3439 414 3506 praetereo
439 3427 569 3507 ejusdem
591 3425 697 3485 fabulae
721 3432 790 3488 930.
812 3427 861 3504 qui
880 3440 1034 3506 corruptus
1048 3428 1179 3508 videtur)
1249 3493 1253 3500 ,

79 3507 144 3588 ltph.
159 3510 270 3570 Electr.
284 3511 354 3572 715.
369 3507 441 3569 OEd.
458 3510 494 3568 R.
512 3511 599 3569 1344.
617 3512 703 3569 1349.
719 3508 789 3567 (Ε11.
805 3508 869 3567 Col.
886 3513 973 3568 1604.
990 3514 1077 3570 1605.
1093 3512 1183 3572 1634.

79 3587 159 3650 frah.
182 3593 253 3654 769.
274 3596 344 3653 904.
369 3595 438 3653 915.
464 3591 593 3650 Philoct.¹
615 3593 685 3654 371.
700 3589 800 3666 Eurip.
826 3587 902 3649 Hec.
926 3594 1013 3649 1160.
1029 3589 1097 3647 Alc.
1113 3595 1181 3657 181.

79 3675 123 3732 83.
137 3672 241 3751 Suppl.
261 3678 332 3735 696.
358 3673 425 3752 Iph.
450 3673 539 3730 Taur.
563 3677 612 3732 54.
637 3671 746 3730 Bacch.
770 3672 840 3733 738.
865 3675 953 3730 1066.
978 3675 1065 3731 1084.
1092 3673 1182 3732 1134.

79 3757 186 3818 tuorum
199 3772 235 3813 ea
248 3765 372 3827 tantum,
388 3773 453 3832 quae
466 3772 584 3813 omnem
598 3752 741 3811 medelam
762 3751 1021 3829 adspernabantur,
1041 3749 1151 3812 intacta
1165 3773 1183 3812 a

79 3833 161 3896 titicis
174 3835 279 3895 relicta
298 3846 377 3896 sunt.
418 3836 475 3895 His
489 3834 565 3893 adde
579 3834 670 3905 locos,
686 3835 714 3890 in
730 3833 834 3912 quibus
849 3833 947 3904 erasis,
964 3853 1021 3913 qua
1035 3851 1085 3892 eos
1099 3833 1182 3915 adju·
1207 3826 1213 3881 ἶ

79 3917 300 3989 memmerunt,
314 3917 383 3977 ferri
408 3936 469 3976 non
483 3926 590 3994 potest,
615 3915 748 3994 AEschyli
762 3915 791 3973 in
807 3914 902 3975 Persis
916 3920 987 3976 490.
1028 3915 1183 3993 Sophoclis

79 3998 169 4060 rOEd.
185 3998 252 4059 Col.
266 4003 354 4063 1603.
372 4003 459 4060 1608.
482 3997 608 4056 Philoct.
631 4001 702 4056 380.
724 3996 826 4075 Eurip.
852 3996 973 4056 Heracl.
988 3999 1036 4054 33.
1080 3997 1124 4057 Ea
1138 4016 1185 4059 res

79 4080 131 4154 cit,
144 4092 180 4141 ut
195 4079 232 4138 de
242 4080 305 4141 aliis
318 4080 400 4148 locis,
414 4080 444 4137 in
460 4080 564 4158 quibus
579 4078 692 4138 admitti
706 4079 796 4157 possit
810 4078 909 4150 orasis,
922 4077 1049 4156 suspicio
1062 4079 1183 4153 oriatur,

79 4167 111 4236 ιε’,
133 4161 272 4242 quoniam
286 4161 340 4241 ipsi
355 4160 753 4241 quoqueffin'illismraaa
778 4163 856 4242 plum
876 4159 1072 4233 inveniuntur,
1087 4162 1185 4241 abjec-

79 4263 132 4305 one
152 4243 305 4322 augmenti
330 4242 427 4322 potius
452 4243 594 4302 notandos
619 4260 692 4314 esse,
717 4254 750 4299 ut
772 4241 873 4301 AEsch.
898 4241 978 4300 Pers.
997 4246 1068 4302 689.
1094 4243 1185 4320 Soph.

79 4331 101 4408 1.
117 4332 191 4398 308.
207 4330 298 4387 1303.
312 4325 420 4386 Trach.
438 4330 513 4392 381.
523 4327 592 4390 774.
607 4325 676 4389 907.
693 4323 795 4404 Eurip.
808 4322 878 4383 Hel.
895 4325 983 4388 1587.
1016 4322 1075 4384 Sed
1088 4323 1187 4393 redeo,
