2694 4866
393 243 451 304 Dli
473 239 834 309 PARACATALOGE.

81 424 107 471 ro
118 407 245 475 trochaeo
258 411 377 472 Hecub.
393 417 481 474 1093.
502 373 589 480 1097.

128 530 503 611 ἵτ’,1τι,μ1λ1τ1,πςὶςθτὸν,
544 581 545 584 1

126 610 202 682 δειναί,
222 609 287 671 iusi
301 611 471 688 maimo,

81 725 206 804 ,quidem
226 725 256 782 in
271 724 405 784 Hecubae
418 724 484 783 loco
503 723 567 783 haec
580 722 634 783 sibi
648 726 833 802 respondent.
849 796 853 803 .
875 727 1058 806 Quamquam
1082 730 1169 791 etiam

90 825 145 866 non
158 804 363 885 respondeant,
384 805 480 864 locum
494 804 573 864 hunc
593 824 653 864 non
665 805 826 882 rejecerim,
840 818 994 886 propterea
1006 809 1086 887 quod
1105 831 1167 871 eos-

81 905 116 948 tm
128 907 227 948 versus
240 887 271 944 in
284 886 448 964 hujusmodi
462 885 636 945 carminibus
648 886 746 945 iterari
759 906 821 947 mos
835 898 888 947 est.

89 973 117 1029 9.
137 971 285 1036 Quattuor
307 967 409 1037 breves
429 952 488 1045 qui)
507 985 629 1026 numero
643 967 711 1040 sint,
732 966 873 1028 difficilius
894 968 976 1031 rimu
996 981 1049 1030 est.
1091 973 1168 1032 Nam

81 1049 127 1108 rod
155 1049 301 1110 Seidlerus
317 1046 364 1124 'ad‘
383 1048 483 1127 Eurip.
506 1047 613 1108 Troad.
643 1052 729 1111 1216.
757 1049 953 1120 existimabat,¹
979 1051 1082 1114 confici
1106 1072 1168 1114 rem

81 1130 181 1210 ischyli
193 1129 261 1190 loco
273 1130 304 1189 in
318 1128 414 1190 Persis
428 1130 497 1190 269.
512 1131 581 1193 ma.
805 1144 818 1163 ’·
981 1154 985 1159 ·

125 1251 161 1308 rol
174 1250 267 1307 πολλὰ
279 1282 303 1296 -
313 1245 391 1316 βίλια
410 1251 550 1324 anparai,
663 1302 666 1307 .

124 1326 232 1388 halim
242 1364 265 1378 -
277 1328 387 1405 σάματι
399 1333 547 1404 πολυβιφῐ,

91 1441 175 1500 nobis
187 1443 354 1520 exemplum
374 1451 506 1520 ereptum
520 1450 575 1513 est,
589 1439 708 1500 inventa
720 1439 750 1498 in
763 1439 866 1501 codice
881 1441 1012 1502 Parisino
1025 1446 1169 1524 exquisita

81 1523 175 1582 ctione
189 1523 292 1586 ballii.
334 1524 430 1582 Tanto
442 1521 535 1601 magis
554 1532 652 1582 autem
666 1521 787 1581 dubium
807 1533 860 1595 est,
876 1542 963 1601 quem
982 1525 1011 1581 in
1032 1537 1169 1604 quattuor

81 1603 109 1662 :is
122 1604 238 1684 syllabis
257 1623 410 1664 nnmerum
423 1603 517 1663 inesse
531 1603 675 1675 dicamm,
685 1605 763 1682 quod
776 1603 845 1676 loci,
859 1604 889 1662 in
902 1606 1005 1683 quibus
1018 1606 1170 1668 inveniun·
1184 1677 1188 1682 A
1215 1625 1218 1633 ’

81 1703 104 1753 r,
120 1686 200 1764 quod
214 1705 269 1765 ego
289 1685 389 1760 sciam,
403 1704 502 1745 omnes
515 1683 670 1745 iambicum
689 1703 806 1764 quoque
826 1704 978 1746 nnmerum
998 1687 1166 1764 admittunt,

126 1886 287 1968 χθονοτρεφὲς
300 1883 378 1946 iiaerir
392 1883 408 1956 ii
427 1887 509 1948 aroris.

81 2016 121 2057 ire
135 2008 233 2058 tamen
246 2011 345 2059 monet
361 1999 506 2059 Seidlerus
519 2019 547 2078 p.
565 2004 631 2061 156.
644 1998 668 2057 si
688 1999 759 2077 quid
771 1998 911 2076 analogia
924 1998 1110 2060 tribuendum
1123 2002 1171 2075 sit,

81 2098 86 2136 1
106 2079 279 2139 dochmiaco
299 2080 395 2160 potius
408 2098 530 2140 numero
544 2079 730 2159 cogitandum
745 2099 818 2138 esse.
858 2080 1016 2140 Dirimeret
1029 2082 1110 2143 litem
1123 2084 1167 2143 lo·

81 2177 101 2220 ts
115 2160 275 2241 Sophoclis,
292 2180 378 2241 quern
392 2161 440 2220 ille
454 2182 483 2240 p.
500 2166 567 2224 154.
580 2159 673 2235 affert,
686 2160 717 2218 in
731 2160 802 2219 OEd.
816 2160 881 2221 Col.
902 2165 988 2223 1468.

208 2279 288 2345 τέλος·
303 2275 371 2339 >aaa
383 2275 415 2337 δ’·
430 2281 458 2338 οὗ

126 2363 179 2440 γὶς
192 2358 264 2421 ilico
277 2397 299 2409 -
312 2362 417 2443 ἀφοςμζι
429 2358 496 2430 arir',
511 2357 562 2420 οὐδ’
574 2357 632 2419 o’irsv
646 2362 786 2440 ξυμφοςῖς,

85 2473 265 2552 quidemille
273 2475 319 2535 ita
331 2475 551 2553 distinguendus
564 2484 650 2533 esset.
692 2475 734 2532 At
747 2473 892 2551 integrum
905 2473 930 2533 si
955 2474 1018 2552 quis
1036 2475 1167 2536 conside-

81 2555 163 2627 serit,
176 2555 323 2629 fatebitur,
335 2575 446 2637 parum
464 2555 646 2615 verisimilem
659 2554 735 2614 hanc
754 2573 941 2617 numerorum
954 2555 1169 2621 distinctionem
1194 2591 1198 2597 v

81 2655 121 2710 se,
135 2636 189 2697 sed
207 2637 251 2698 ita
262 2638 359 2717 potius
374 2656 424 2696 eos
438 2636 643 2697 describendos
658 2633 760 2695 videri:
1103 2644 1129 2665 ⁶*

206 2756 263 2835 ὅςᾷ,
277 2755 323 2835 1ςᾷ
336 2751 410 2812 ταῦτ’
422 2757 461 2813 uisi
562 2752 567 2761 ’
1009 2781 1025 2812 r
1037 2780 1055 2814 r
1066 2781 1091 2837 ς.

207 2834 302 2916 mim,
319 2837 369 2894 imi
380 2834 424 2910 pair
436 2831 519 2914 ibren,

127 2919 162 2974 rai
175 2911 201 2975 ii
220 2913 283 2995 κη’
295 2913 366 2998 ἧμας
379 2912 454 2981 αὖθις
474 2914 557 2988 αὔξον
569 2911 627 2974 aba

206 2998 295 3072 τίμιὶν
315 2999 402 3070 ἐφήσει
423 2995 506 3065 rino„
990 3039 993 3043 «
1014 3001 1088 3057 oisc.

207 3074 281 3136 iiim
290 3074 323 3137 ἶ·
338 3081 365 3138 οὗ
378 3080 430 3158 ‘pii‘
444 3076 516 3138 ἅλιον

126 3161 231 3239 &puppii
243 3185 311 3231 arur,
325 3155 374 3219 avii
387 3183 445 3218 asso
459 3161 600 3239 ξυμφοςᾶς.

86 3291 101 3333 c
116 3275 260 3335 secundus
273 3292 373 3334 versus
386 3273 441 3333 etsi
454 3271 545 3331 videri
558 3281 655 3351 potest
669 3289 707 3330 ex
733 3270 847 3336 duobus
866 3271 1015 3351 paeonibus
1038 3273 1085 3334 vel
1100 3274 1170 3336 Cre.

81 3356 115 3416 cis
135 3367 278 3427 constare,
300 3367 407 3426 tamen,
428 3373 466 3413 ne
490 3354 531 3413 ita
551 3355 721 3426 statuamus,
742 3343 876 3431 prohibet
897 3353 1170 3436 ultima-utrobique
1283 3382 1285 3387 ’
1324 3392 1326 3399 -

81 3437 151 3498 reris.
174 3463 179 3467 ·
192 3440 292 3504 Quare
305 3435 472 3508 videndum,
485 3454 523 3495 ne
531 3433 580 3494 ille
589 3445 641 3494 aut
654 3434 842 3495 dochmiacae
855 3433 892 3494 sit
904 3429 1170 3516 hypercatalectusr

126 3602 337 3634 U--U—

155 3683 342 3716 WW

81 3791 99 3842 lt
117 3781 352 3856 iadochmiacus,
367 3783 417 3863 qui
430 3794 607 3864 anapestum
626 3800 680 3863 pro
694 3781 797 3842 ultimo
809 3780 906 3843 iambo
920 3781 1018 3855 babet,

127 3950 150 3981 υ
160 3915 203 3978 .‘.
209 3914 251 3977 .¹..
261 3951 308 3982 w
316 3917 357 3979 .¹.

153 4032 201 4062 W
307 4031 355 4064 W

81 4110 98 4169 11
111 4112 240 4190 placebit
253 4113 415 4193 paeonicum
435 4124 548 4194 putare.
608 4156 611 4163 ι

89 4197 136 4252 10.
157 4193 296 4273 Quinque
320 4195 446 4274 (lenique
469 4196 587 4273 syllaba
610 4195 713 4256 breves
740 4212 798 4252 non
826 4191 948 4251 videtur¹
967 4190 1171 4252 dublum'esse
1194 4190 1199 4196 ’

81 4274 118 4335 lin
131 4279 174 4336 ex
186 4276 298 4337 Cretici
311 4275 454 4338 solutione
467 4288 544 4338 nata>
555 4275 626 4337 sint·
667 4273 828 4356 Sophocles
840 4273 871 4332 in
885 4271 957 4333 OEd.
971 4273 1011 4334 R.
1021 4278 1089 4336 660.
1103 4278 1173 4336 690.
