2694 4866
168 371 171 379 .
210 311 269 374 DE
291 307 475 372 lAMBICO
497 305 797 369 TETRAMETRO
815 306 1131 370 cATALEcTICO.
1173 313 1229 372 101

106 495 142 546 ⁰3
155 487 243 655 quiir
253 555 326 638 tedes
337 579 441 637 dotales
452 579 531 652 hirjua
543 589 613 636 sunt.
621 575 715 634 itane?
732 578 772 635 ita
783 579 837 651 pol.
850 580 893 635 dic
905 578 1013 635 domum
1024 580 1072 636 ire.

107 689 158 749 Ita
171 688 249 746 enim
269 685 440 747 scribendus
462 685 511 744 hic
535 703 635 744 versus
657 683 784 745 videtur.
828 684 903 754 Quia
925 683 1072 744 interdum
1093 686 1124 744 in
1148 704 1236 746 unam

107 770 251 911 {infirm
259 768 398 911 2conltpnhi
412 768 537 839 videtur,
558 766 637 825 unde
651 778 733 825 recte
746 765 868 826 fortasse
881 765 947 826 libri
967 767 1046 846 apud
1066 768 1237 829 Terentium

184 894 193 911 .
237 894 246 911 .
281 893 289 922 ,
352 892 361 910 .

181 967 246 1041 quid
257 969 293 1022 mi
301 968 379 1023 istaec
390 962 498 1021 namne?
518 963 553 1019 rin
564 964 627 1038 quia
638 982 693 1021 non
706 975 764 1021 tute
774 965 833 1039 ipse
841 964 942 1021 dudum
949 965 1054 1023 audisti.

109 1073 230 1219 1θῖοὲἰῖ
243 1071 311 1132 cod.
325 1072 406 1152 Lips.
418 1081 452 1130 et
466 1069 513 1129 ed.
528 1069 667 1150 Carpent.
680 1070 782 1131 dicam.
823 1070 860 1129 In
881 1070 1063 1132 Truculento
1087 1070 1113 1132 1.
1136 1076 1167 1146 2,
1187 1073 1237 1133 52.

181 1270 350 1343 prociciorea
362 1268 426 1324 entis
439 1286 495 1336 ron,
513 1269 560 1324 sed
571 1267 612 1322 illi
623 1267 770 1340 perjuriosi·

182 1343 228 1397 sed
235 1341 335 1397 blande
345 1358 426 1413 quum
438 1340 512 1406 illuc,
529 1339 601 1412 qnod
612 1341 684 1412 apud
694 1358 743 1395 vos
756 1357 828 1395 nnnc
840 1339 890 1408 est,
901 1341 972 1413 apud
983 1359 1027 1397 me
1037 1341 1170 1400 haberem.
1243 1352 1246 1357 “

182 1431 231 1485 per
242 1412 347 1484 tempus
358 1412 525 1467 subvenistis.
536 1410 584 1466 sed
596 1411 660 1483 quid
672 1410 719 1477 tis,
736 1409 915 1483 Astaphium?
933 1414 997 1485 quid
1009 1413 1057 1471 vis.

114 1517 164 1612 Ita
179 1518 289 1576 Parcus
302 1515 402 1576 edidit.
434 1515 533 1594 Vulgo
546 1515 712 1577 summatis
732 1516 812 1589 milti,
841 1516 921 1597 quod
944 1529 990 1577 est
1013 1519 1101 1597 etiam
1124 1520 1155 1578 in
1175 1520 1241 1581 cod.

115 1599 349 1742 Lipsfficamm
369 1645 449 1742 nunc
470 1677 508 1737 de
528 1679 652 1758 septimo
666 1678 751 1760 pede.
796 1678 833 1737 Iu
845 1698 882 1739 eo
895 1658 1061 1760 spondeum
1074 1684 1111 1742 ab
1127 1683 1242 1745 Latinis

112 1762 240 1834 admitti,
260 1761 302 1822 itn
314 1761 517 1841 pervulgatum
530 1773 583 1830 est,
606 1760 795 1841 utexemplis
807 1780 868 1821 non
888 1779 961 1842 opus
981 1765 1026 1824 sit.
1068 1766 1173 1826 Rarior
1196 1776 1242 1826 est

115 1856 292 1923 anapaestus,
313 1843 363 1920 qui
377 1862 414 1903 ne
428 1841 616 1902 offensionem
629 1842 762 1915 haberet,
782 1860 902 1923 operam
916 1845 1072 1915 dederunt,
1087 1859 1121 1906 nt
1130 1847 1180 1910 hic
1189 1865 1243 1926 pes

113 1946 175 1987 non
189 1924 372 2004 ex‘pluribus
386 1923 480 1984 verbis
495 1936 651 1996 constaret,
673 1926 726 1984 sed
750 1944 809 1983 uno
834 1927 1142 2007 comprehenderetur.
1184 1928 1242 1988 Te·

114 2006 291 2161 Qud}
308 2007 406 2150 lqudr.
426 2006 480 2135 lli.
501 2011 530 2076 2,
552 2011 583 2068 6.
624 2007 703 2067 Eun.
716 2006 770 2066 IV.
785 2011 815 2079 6,
839 2013 886 2070 15.
930 2009 1060 2090 Adelph.
1073 2010 1128 2117 lli.
1142 2016 1171 2080 5,
1193 2012 1243 2074 78.

184 2207 284 2263 siccine
295 2224 339 2262 me
349 2216 429 2279 atque
439 2205 512 2262 illam
521 2205 602 2278 opera
612 2216 659 2262 tua
670 2212 743 2261 nunc
754 2207 865 2263 miseros
877 2207 1031 2264 sollicitari?

184 2279 229 2334 abi
239 2281 279 2343 tir,
297 2278 436 2344 cistellam,
451 2275 568 2347 Pithiae,
586 2279 667 2338 domo
680 2277 743 2332 effer
754 2296 814 2333 cnm
826 2280 1012 2336 monumentis
1068 2336 1070 2342 ,

185 2351 234 2406 sed
246 2349 323 2406 cesso
334 2350 373 2404 ire
385 2351 465 2417 intro,
482 2349 517 2405 ne
530 2367 611 2405 morte
622 2349 688 2405 meis
700 2351 800 2422 nuptiis
811 2351 917 2422 egomet
927 2350 997 2406 sim?

185 2422 264 2476 nobis
274 2421 303 2476 in
312 2422 410 2493 reipsa
421 2420 582 2480 invenimust
601 2438 683 2493 porro
690 2420 754 2477 hinc
766 2439 837 2477 nnnc
849 2422 1024 2494 experiimur.

115 2528 218 2594 Quare
231 2525 310 2604 apud
326 2524 462 2586 Plautum
477 2524 559 2585 Pers.
571 2523 616 2583 11.
630 2533 661 2596 4,
683 2512 713 2586 9.
723 2525 910 2585 scribendum
924 2526 1039 2586 videtur
1047 2558 1056 2597 =
1091 2610 1095 2616 ὓ

187 2659 288 2731 servam
299 2641 416 2714 operam,
432 2640 548 2712 linguam
559 2638 668 2695 liberam
679 2639 759 2697 herlu
770 2658 814 2696 me
824 2640 922 2696 habere
928 2641 1018 2714 jussit,

114 2749 168 2810 ubi
186 2749 276 2828 vulgo
288 2749 381 2828 jussit
400 2748 512 2808 labere.
554 2750 654 2815 Quum
671 2761 771 2808 autem
789 2747 920 2808 ultimam
940 2750 1017 2808 arsin
1031 2749 1129 2808 Latini
1141 2750 1172 2808 in
1185 2751 1244 2815 hoc

156 2831 227 2890 riter
249 2841 338 2908 atque
347 2831 388 2889 in
408 2829 472 2890 aliis
490 2829 619 2889 trocheo
633 2827 795 2890 terminatis
808 2831 937 2889 versibus
951 2831 1106 2910 sepissime
1120 2833 1246 2906 solvant,

115 2851 203 2973 iaucile
225 2910 408 2990 intelligitur,
435 2929 491 2971 nec
512 2910 664 2990 dactylum
683 2930 734 2970 eos
754 2929 773 2970 a
794 2910 917 3004 septimo
941 2912 1017 2991 pede
1038 2932 1149 2986 arcere,
1174 2915 1247 2994 quin

116 2993 274 3074 sepissime
288 3013 324 3052 eo
337 2993 394 3051 uti:
414 3012 505 3071 quare
518 3012 556 3053 ne
569 2993 656 3071 hujus
670 2992 789 3072 quidem
798 3010 841 3054 rer
856 2993 991 3073 exempla
1004 3013 1163 3074 congerere
1172 3014 1247 3075 opus

118 3077 248 3143 ridetnr;
267 3094 364 3154 neque
387 3093 456 3134 vero
479 3074 638 3134 excludere
660 3074 962 3153 proceleusmaticum.
1003 3076 1044 3135 Et
1063 3076 1113 3138 hic
1126 3077 1245 3157 quidem
1289 3136 1292 3141 ⁴

119 3177 172 3238 pes
187 3157 336 3236 aliquanto
349 3158 441 3215 rarior
454 3167 508 3216 est.
550 3154 601 3215 Sic
614 3155 737 3216 Plautus
751 3154 781 3213 in
795 3156 880 3216 Asin.
894 3156 937 3217 Π.
950 3163 981 3231 4,
996 3162 1046 3219 at.

187 3273 311 3329 normias
320 3272 425 3329 aenea
435 3273 517 3340 nomi,
534 3282 615 3346 aaut
625 3246 706 3329 neus
717 3273 745 3327 tn
757 3271 831 3339 aaa,
846 3271 919 3327 laur
930 3273 1032 3328 annus
1042 3271 1153 3330 narrat.
1181 3248 1184 3252 ’
1233 3244 1236 3249 ’

122 3386 280 3449 Terentius
295 3385 406 3447 Heaut.
421 3387 475 3446 IV.
487 3393 518 3459 4,
542 3389 589 3447 15.

184 3503 377 3578 jubemt‘aneat.
388 3505 406 3561 i.
418 3505 482 3577 quin
492 3503 534 3559 est
544 3513 667 3576 paratum
678 3502 825 3575 argentum.
836 3501 901 3574 quin
913 3518 962 3572 ego
974 3500 1018 3556 hic
1029 3499 1132 3556 mineo·

119 3611 181 3673 Sed
190 3611 240 3669 vix
254 3612 314 3669 hnc
328 3608 436 3670 referas
451 3611 488 3668 V.
502 3614 532 3681 2,
553 3611 604 3669 49.

190 3744 252 3782 eum
264 3726 329 3781 mihi
340 3725 506 3798 precatorem
517 3741 600 3796 paror
617 3723 675 3779 seni
683 3722 776 3778 nostro
788 3721 827 3776 nil
837 3719 899 3774 fidei
917 3718 1011 3775 hdbeo

120 3829 230 3908 Turpis
244 3846 344 3890 versus
358 3828 447 3886 estin
462 3824 584 3907 Hecyra
599 3828 637 3889 V.
653 3835 679 3896 l,
706 3830 752 3887 16.

191 3961 254 3998 nam
266 3944 312 4016 qul
323 3954 386 4015 post
396 3943 494 4000 factam
504 3943 629 4023 injuriam
640 3961 670 3999 se
682 3942 818 4014 expurget,
834 3958 928 4013 parum
939 3939 977 3996 mi
984 3937 1074 4012 prosit.
1153 3966 1160 3975 ·

122 4047 322 4110 Scribendum
336 4047 464 4108 videtur:
512 4112 515 4118 ,

193 4181 254 4218 nam
267 4164 313 4236 qul
326 4175 386 4236 post
394 4163 492 4219 lactem
503 4164 625 4236 injuriam
637 4163 741 4236 purget,
758 4181 850 4236 pamm
862 4161 927 4216 milri
937 4157 1029 4233 pr6sit.

120 4267 206 4327 Libri
220 4268 300 4338 mihi,
321 4266 533 4347 quodpropter
548 4267 727 4327 celeritatem
748 4266 996 4346 pronunciationis
1016 4265 1110 4327 multo
1134 4264 1252 4345 elegen·
1327 4336 1330 4342 Ι

119 4349 181 4408 tius
194 4362 250 4422 est,
272 4368 360 4427 quam
373 4350 569 4429 ponderosum
583 4346 655 4424 illud
669 4348 795 4410 Bentleii
802 4349 850 4408 mi.
