2694 4866
374 277 434 340 DE
454 275 819 340 PARACATALOGE.
1104 286 1162 347 188

77 465 104 506 sn
115 447 285 509 destitutum
298 447 337 509 sit
348 459 600 520 nurnero„tsrusn
619 466 680 513 uon
692 465 729 507 cs
746 444 902 511 severitus
913 448 1048 511 observet
1067 467 1171 513 nume·

77 549 120 601 tm,
134 549 207 610 quse·
220 530 250 589 in
263 541 353 590 centu
371 530 539 609 rhythmico
550 528 678 591 obtinet:
694 528 748 589 -its
760 528 838 588 enirn
857 530 1168 607 vocabimus'eamum,

77 611 196 672 ricottis
216 631 414 672 mensurarum
433 611 673 691 descriptionibus
694 609 849 673 adstrictus
862 623 918 673 est.
958 613 1009 677 Ab
1028 631 1169 692 coquere

79 706 125 753 cta
149 705 194 754 est
213 692 277 754 haec
301 693 374 753 ratio
399 696 618 776 xsgmsaesopi,
643 692 722 772 quod
741 693 872 752 eduxere
895 693 945 752 illa
967 693 1170 775 rhythm0rum

77 775 199 835 veritate
223 774 341 854 propius
354 774 392 834 ad
412 775 550 835 sermonis
571 774 734 834 libertatem
758 774 922 834 secederet
962 775 1122 854 Ἀοομολίιο
1142 777 1171 836 ei

77 858 149 916 ibuit
164 856 348 927 Aristoteles,
370 855 509 934 quianon
530 855 663 936 aequebili
678 854 879 936 rhythmorum
892 855 1018 916 decursu
1039 857 1171 917 eontine-

77 953 110 1017 u,'¹
118 938 174 998 sed
186 957 240 1019 pro
252 937 341 996 animi
349 949 432 996 motu
444 936 628 999 liberioribus
638 938 716 1001 mnis
728 955 808 1001 nuuc
817 936 949 1009 celerius,
960 957 1040 998 nunc
1050 937 1169 1012 lentius,

77 1039 107 1096 re
122 1031 205 1080 certa
216 1019 282 1098 lege
297 1017 467 1093 devolvitur.
506 1014 600 1099 quue
621 1023 762 1087 eruissem
782 1030 879 1093 vocet,
892 1018 1021 1101 dicitque
1034 1019 1081 1079 vel
1094 1039 1174 1080 sum·
1279 1024 1281 1034 '

77 1121 95 1161 o
121 1101 240 1181 gaudio,
264 1101 310 1161 sel
333 1101 461 1160 maximo
486 1098 579 1161 dolori
603 1099 862 1169 accommodatum.
881 1119 954 1175 esse,
978 1098 1058 1180 quod
1082 1101 1171 1161 enimi

77 1183 208 1243 immotio
231 1182 350 1261 modum
370 1181 517 1261 excedens
538 1181 624 1241 nullis
644 1180 758 1263 legibus
779 1180 955 1242 continetur.
996 1180 1037 1242 Et
1050 1181 1092 1241 ite
1114 1182 1174 1243 hoc

77 1282 158 1324 suere
171 1264 258 1325 bodie
271 1283 388 1343 quoque
401 1260 505 1333 musici
514 1274 649 1324 utuntur.
690 1263 741 1323 Ad
761 1263 984 1343 paraestalogen
1004 1262 1174 1325 referendus

77 1357 92 1405 t
106 1365 176 1405 tusus
196 1345 382 1423 instrumenti
400 1341 514 1418 mimici,
529 1345 609 1424 quod
621 1343 785 1424 ολιψᾎιμΰκ
804 1346 974 1425 uocabatur,
996 1344 1173 1406 commemo·

77 1427 102 1484 ‚ti
116 1446 135 1485 a
149 1425 268 1485 Polluce
283 1422 337 1485 IV.
351 1431 392 1487 59
415 1436 445 1484 et
460 1425 605 1484 Athenaeo
620 1425 673 1484 IV.
686 1447 717 1506 p.
733 1431 799 1487 182.
821 1424 852 1485 F.
868 1423 951 1487 XIV.
964 1447 993 1506 p.
1007 1430 1078 1489 636.
1091 1428 1128 1487 Β.
1137 1424 1172 1488 F.

77 1505 233 1566 rensletum
247 1517 292 1564 est
304 1507 362 1565 hoc
376 1526 481 1565 nomen
495 1507 533 1566 sd
547 1506 681 1567 carminis
700 1526 801 1586 genus,
817 1508 841 1566 si
855 1507 927 1581 fides
941 1519 986 1566 est
1006 1506 1169 1584 Hesychio,

77 1607 87 1646 ι
106 1586 258 1647 scribenti:
279 1586 446 1666 sbtbsbpssss.
485 1588 661 1670 'Aptera'sstrsm
674 1591 739 1658 μίλη
751 1593 807 1647 vesal
821 1589 883 1671 καί
897 1589 1040 1666 Ἀλιμὶἲοοέ
1080 1591 1174 1651 Usum

77 1668 234 1728 strumenti
258 1667 386 1727 declarat
411 1669 510 1728 Phillis
532 1668 635 1728 Delius
654 1668 733 1748 spud
754 1670 930 1728 Atheuaeum
951 1670 996 1728 his
1015 1670 1122 1742 verbis,
1144 1691 1174 1750 p.

77 1754 119 1811 36.
134 1750 172 1808 B.
185 1753 205 1809 b
218 1749 312 1832 simol<
326 1752 383 1817 τοὺς
393 1748 500 1828 ἰοίμίοος
512 1748 576 1832 ᾖδον,
594 1750 724 1827 tapnim
735 1749 850 1812 ἰοιοίλοον
864 1753 885 1810 ir
896 1751 930 1816 οἷς
942 1749 967 1810 dl
977 1753 1174 1834 reporrigant

77 1850 82 1888 t
97 1833 119 1891 ἐν
134 1838 184 1897 τοῖς
195 1832 243 1907 pls
258 1858 301 1902 οις,
315 1830 506 1908 κλιψιάμίους.
546 1831 724 1903 Videndum,
744 1848 783 1890 ne
795 1830 943 1910 scripserit
962 1831 1011 1891 ille
1024 1858 1174 1915 vagesem·
1256 1852 1259 1865 ·

77 1915 191 1991 stom.
231 1859 280 1970 lie
291 1930 380 1971 sensu
394 1923 474 1973 certe
488 1911 816 1974 dubimtioncmeximit
828 1911 994 1991 oppositum
1006 1911 1089 1992 ᾅδω..
1107 1956 1111 1963 .

77 2000 141 2055 14.
163 1992 300 2053 Cernitur
320 2003 418 2053 eutem
433 1994 485 2052 -ris
506 2004 664 2053 etmeture
685 1993 904 2072 purecstuloges
924 1993 955 2053 iu
976 1994 1021 2055 bis
1044 1996 1172 2057 msxime

77 2075 148 2135 rbus.
190 2073 298 2146 Primo,
319 2094 444 2154 queres
458 2074 614 2145 minimum
628 2093 647 2133 a
659 2085 742 2135 recto
761 2075 875 2135 numeri
895 2074 1011 2137 incessu
1029 2075 1185 2155 dedecus„

77 2155 188 2217 utendo
202 2155 259 2216 fine
272 2156 392 2216 numeri
398 2175 451 2239 per
463 2154 642 2236 spondeum:
675 2202 678 2212 .

129 2288 200 2368 ἴχοος
215 2288 379 2350 desubtus.
441 2300 444 2305 ’

103 2446 106 2451 ¹
129 2369 230 2448 ἵμμιοο
243 2368 267 2430 l'
279 2369 394 2450 οἱοτίχοος
407 2367 477 2431 rsisl'
491 2369 599 2446 οἴγλοιο.
702 2434 711 2471 l,

77 2502 141 2563 'nde
154 2503 218 2564 haec
231 2504 323 2564 forme
337 2524 396 2564 non
410 2504 532 2585 perinde
545 2507 575 2563 in
590 2504 723 2566 omnibus
737 2503 915 2565 dochmiscis
928 2504 1034 2572 usitsts
1053 2515 1108 2580 ost,
1120 2506 1174 2566 ssd

77 2611 80 2643 ι
94 2585 344 2678 hispotissimum,
358 2586 390 2644 in
409 2586 514 2665 quibus
528 2588 615 2647 etiem
631 2586 693 2646 aliis
706 2586 801 2646 modis
814 2588 1017 2666 perscateloge
1036 2598 1176 2668 usurpate

77 2679 208 2726 nemtur.

92 2753 142 2810 15.
162 2745 279 2806 Deinde
302 2749 340 2806 ad
360 2747 583 2828 perecstslogen
596 2748 744 2828 pertinere
762 2747 898 2807 videntur
918 2747 1006 2808 soluti
1026 2748 1056 2806 in
1070 2749 1175 2809 breves

77 2829 177 2889 illsbss
198 2828 370 2888 dochmiaci.
411 2829 557 2897 Quoniam
577 2830 655 2889 enim
679 2829 735 2891 iste
747 2829 871 2889 canendi
891 2829 965 2889 ratio
988 2829 1105 2899 liberior
1119 2840 1174 2901 est,

77 2909 206 2989 unusque
220 2909 384 2988 diligenter,
400 2930 486 2989 quem
500 2911 530 2968 in
551 2921 640 2971 centu
653 2910 818 2995 rhythmico
833 2910 876 2982 fit,
891 2930 1046 2991 numerum
1059 2929 1176 2971 mensu-

77 3010 157 3069 tsque
171 2992 316 3064 observet,
330 2991 455 3070 aequales
469 2992 594 3053 maxime
604 2992 728 3072 syllabus
741 2990 897 3064 desideret,
911 3011 977 3071 quoe
989 2990 1044 3071 p'ro
1057 2992 1177 3052 arbitrio

77 3071 118 3131 lus
132 3070 227 3132 minus
240 3072 397 3132 accelerari
409 3072 553 3134 terduri've
573 3073 693 3155 possint.
713 3080 716 3085 '
735 3073 775 3132 Ii't
788 3073 830 3132 its
842 3072 930 3133 hodie
945 3090 1061 3157 quoque
1074 3073 1104 3133 in
1115 3074 1177 3153 hoc

77 3171 161 3213 encre
184 3152 322 3233 plurimos
341 3153 474 3232 'ejusdem
500 3153 562 3215 fere
585 3170 734 3215 mensures
752 3172 838 3213 sonos
869 3155 1007 3235 conjungi
1035 3153 1177 3230 videmus

77 3233 136 3292 lihil
149 3234 270 3312 impedit
283 3247 392 3308 eutem,
406 3234 476 3314 quin
489 3235 708 3296 esolutionibus
722 3236 897 3314 omninoque
912 3255 930 3294 s
942 3234 1077 3294 brevibus
1090 3234 1177 3316 sylle-

77 3314 97 3374 is
111 3315 226 3375 initium
240 3315 301 3389 fiat,
316 3316 474 3376 dummodo
493 3317 524 3374 in
543 3316 602 3377 fine
615 3317 718 3379 saltem
738 3315 826 3377 rectis
845 3316 969 3396 pedibus
988 3314 1093 3378 fortius
1106 3335 1177 3377 con·

77 3407 136 3455 stat
158 3416 306 3470 numerus,
329 3396 463 3476 finirique
490 3408 572 3457 certo
596 3398 685 3458 modo
708 3408 740 3458 et
762 3397 900 3459 concludi
922 3397 1179 3459 animadvertatur.

77 3477 151 3537 ‚liter
164 3479 240 3537 enim
265 3498 303 3537 ne
323 3479 450 3556 speciem
471 3478 589 3556 quidem
610 3480 724 3539 numeri
743 3478 937 3552 conservsbit,
958 3478 1011 3539 sed
1030 3479 1127 3539 medio
1146 3478 1178 3536 in

77 3578 141 3617 rrsu
155 3558 243 3618 dilabi
264 3579 300 3619 ec
315 3559 443 3619 diffluere
468 3559 622 3620 videbitur.
650 3563 765 3641 Atque
781 3560 827 3621 itu
838 3558 929 3621 hodie
949 3577 1066 3641 quoque
1088 3559 1179 3618 finem

77 3640 271 3720 uscstsloges
282 3641 395 3701 faciunt
410 3641 590 3721 certopede.
688 3708 691 3713 ,
896 3718 899 3723 ⁸
955 3696 958 3705 .

95 3727 145 3783 16.
166 3719 284 3790 Deinde
304 3739 374 3783 vero
394 3723 482 3795 etium
505 3722 660 3801 productio
683 3721 858 3803 s'yllsbsrum
882 3720 1042 3803 ancipitum
1059 3720 1179 3791 ‚duobus

77 3801 147 3863 rodis
168 3803 207 3883 ed
229 3799 453 3885 psrecstslog'en
478 3802 632 3887 referende
644 3803 768 3883 videtur,
789 3823 864 3879 uno,
878 3823 968 3883 quum
993 3803 1079 3864 etism
1100 3821 1180 3863 arses

77 3904 150 3964 ngae
163 3884 293 3958 manent,
306 3905 365 3965 quo
377 3886 408 3942 in
432 3902 551 3964 genere,
560 3885 811 3965 *quemadmodum
824 3886 925 3946 solutis
938 3884 1072 3945 omnibus
1083 3882 1180 3961 longis

77 3985 146 4047 ugus
159 3977 205 4026 est
217 3968 355 4027 numerus
369 3977 399 4028 et
412 3966 563 4039 instabilis,
577 3968 619 4029 its
638 3967 717 4045 idem
730 3969 774 4042 fit,
789 3968 840 4029 ubi
853 3983 954 4028 omnes
968 3976 1018 4026 sut
1031 3965 1178 4046 pleresque

77 4067 149 4131 ngae
169 4060 249 4121 sunt.
269 4048 386 4110 subluto
405 4050 461 4130 'per
475 4048 603 4110 'nimiam
632 4048 849 4134 similitudinem
876 4051 956 4128 Justa
978 4064 1179 4113 mensurarum

77 4129 281 4210 imparatione,
729 4134 732 4141 '
1014 4140 1018 4150 '

133 4259 227 4344 sitdgb‘s
239 4261 386 4342 οἷλφοπέο.
397 4296 400 4301 ·

135 4346 205 4411 stete
219 4347 277 4422 ἦμῖο
286 4342 315 4408 b
325 4380 347 4397 -
356 4348 421 4418 θοις,
434 4343 528 4414 sinim,
542 4341 618 4418 ἆοαξ.
