<?xml version="1.0" encoding="UTF-8"?>
<!DOCTYPE html PUBLIC "-//W3C//DTD XHTML 1.0 Transitional//EN"
    "http://www.w3.org/TR/xhtml1/DTD/xhtml1-transitional.dtd">
<html xmlns="http://www.w3.org/1999/xhtml" xml:lang="en" lang="en">
 <head>
  <title>
</title>
<meta http-equiv="Content-Type" content="text/html;charset=utf-8" />
  <meta name='ocr-system' content='tesseract 3.04.00' />
  <meta name='ocr-capabilities' content='ocr_page ocr_carea ocr_par ocr_line ocrx_word'/>
</head>
<body>
  <div class='ocr_page' id='page_1' title='image "./elementadoctrin00hermgoog_0461.png"; bbox 0 0 2694 4866; ppageno 0'>
   <div class='ocr_carea' id='block_1_1' title="bbox 270 248 1222 329">
    <p class='ocr_par' dir='ltr' id='par_1_1' title="bbox 270 248 1222 329">
     <span class='ocr_line' id='line_1_1' title="bbox 270 248 1222 329; baseline 0.005 -17"><span class='ocrx_word' id='word_1_1' title='bbox 270 249 329 312; x_wconf 85' lang='lat' dir='ltr'>ns</span> <span class='ocrx_word' id='word_1_2' title='bbox 351 248 724 329; x_wconf 69' lang='lat' dir='ltr'>composuerunt.</span> <span class='ocrx_word' id='word_1_3' title='bbox 744 249 970 313; x_wconf 82' lang='lat' dir='ltr'>umvsnss.</span> <span class='ocrx_word' id='word_1_4' title='bbox 1126 253 1186 317; x_wconf 74' lang='lat' dir='ltr'>rar</span> <span class='ocrx_word' id='word_1_5' title='bbox 1217 284 1222 293; x_wconf 93' lang='lat'>·</span> 
     </span>
    </p>
   </div>
   <div class='ocr_carea' id='block_1_2' title="bbox 16 418 1231 4417">
    <p class='ocr_par' dir='ltr' id='par_1_2' title="bbox 16 418 1182 1071">
     <span class='ocr_line' id='line_1_2' title="bbox 47 418 1182 500; baseline 0.001 -21"><span class='ocrx_word' id='word_1_6' title='bbox 47 438 108 500; x_wconf 93' lang='lat' dir='ltr'>quo</span> <span class='ocrx_word' id='word_1_7' title='bbox 121 438 229 499; x_wconf 79' lang='lat' dir='ltr'>genere</span> <span class='ocrx_word' id='word_1_8' title='bbox 242 420 305 482; x_wconf 86' lang='lat' dir='ltr'>fere</span> <span class='ocrx_word' id='word_1_9' title='bbox 318 432 396 489; x_wconf 89' lang='lat' dir='ltr'>sunt,</span> <span class='ocrx_word' id='word_1_10' title='bbox 412 418 463 500; x_wconf 91' lang='lat' dir='ltr'>qui</span> <span class='ocrx_word' id='word_1_11' title='bbox 476 440 495 480; x_wconf 92' lang='lat' dir='ltr'>a</span> <span class='ocrx_word' id='word_1_12' title='bbox 507 418 703 499; x_wconf 78' lang='lat' dir='ltr'><strong>grammaticis</strong></span> <span class='ocrx_word' id='word_1_13' title='bbox 716 421 775 481; x_wconf 68' lang='grc' dir='ltr'>ω’</span> <span class='ocrx_word' id='word_1_14' title='bbox 795 422 962 482; x_wconf 57' lang='grc' dir='ltr'>ἐπετάθη,</span> <span class='ocrx_word' id='word_1_15' title='bbox 975 422 1062 499; x_wconf 58' lang='lat' dir='ltr'>praed</span> <span class='ocrx_word' id='word_1_16' title='bbox 1074 441 1182 482; x_wconf 81' lang='lat' dir='ltr'>socan.</span> 
     </span>
     <span class='ocr_line' id='line_1_3' title="bbox 46 501 1182 582; baseline 0.001 -20"><span class='ocrx_word' id='word_1_17' title='bbox 46 513 108 572; x_wconf 88' lang='lat' dir='ltr'>tur,</span> <span class='ocrx_word' id='word_1_18' title='bbox 124 501 250 581; x_wconf 88' lang='lat' dir='ltr'>denique</span> <span class='ocrx_word' id='word_1_19' title='bbox 263 513 445 582; x_wconf 83' lang='lat' dir='ltr'>asynartetos</span> <span class='ocrx_word' id='word_1_20' title='bbox 458 513 649 581; x_wconf 82' lang='lat' dir='ltr'>pertractare.</span> <span class='ocrx_word' id='word_1_21' title='bbox 690 501 749 561; x_wconf 87' lang='lat' dir='ltr'>Sed</span> <span class='ocrx_word' id='word_1_22' title='bbox 769 502 907 581; x_wconf 90' lang='lat' dir='ltr'>quoniam</span> <span class='ocrx_word' id='word_1_23' title='bbox 926 504 956 561; x_wconf 94' lang='lat' dir='ltr'>in</span> <span class='ocrx_word' id='word_1_24' title='bbox 978 504 1034 562; x_wconf 90' lang='lat' dir='ltr'>hac</span> <span class='ocrx_word' id='word_1_25' title='bbox 1048 515 1110 563; x_wconf 88' lang='lat' dir='ltr'>tota</span> <span class='ocrx_word' id='word_1_26' title='bbox 1123 505 1182 564; x_wconf 89' lang='lat' dir='ltr'>dis·</span> 
     </span>
     <span class='ocr_line' id='line_1_4' title="bbox 45 582 1182 664; baseline 0.002 -21"><span class='ocrx_word' id='word_1_27' title='bbox 45 584 212 664; x_wconf 88' lang='lat' dir='ltr'>putatione,</span> <span class='ocrx_word' id='word_1_28' title='bbox 233 604 298 662; x_wconf 89' lang='lat' dir='ltr'>quae</span> <span class='ocrx_word' id='word_1_29' title='bbox 318 585 356 644; x_wconf 92' lang='lat' dir='ltr'>de</span> <span class='ocrx_word' id='word_1_30' title='bbox 377 584 505 643; x_wconf 90' lang='lat' dir='ltr'>numeris</span> <span class='ocrx_word' id='word_1_31' title='bbox 524 603 583 642; x_wconf 92' lang='lat' dir='ltr'>non</span> <span class='ocrx_word' id='word_1_32' title='bbox 603 582 782 661; x_wconf 82' lang='lat' dir='ltr'>simplicibus</span> <span class='ocrx_word' id='word_1_33' title='bbox 802 596 858 655; x_wconf 92' lang='lat' dir='ltr'>est,</span> <span class='ocrx_word' id='word_1_34' title='bbox 879 584 950 659; x_wconf 87' lang='lat' dir='ltr'>illud</span> <span class='ocrx_word' id='word_1_35' title='bbox 970 604 1115 644; x_wconf 87' lang='lat' dir='ltr'>summum</span> <span class='ocrx_word' id='word_1_36' title='bbox 1136 597 1182 645; x_wconf 88' lang='lat' dir='ltr'>est</span> 
     </span>
     <span class='ocr_line' id='line_1_5' title="bbox 44 664 1182 747; baseline 0.001 -22"><span class='ocrx_word' id='word_1_37' title='bbox 44 676 137 744; x_wconf 89' lang='lat' dir='ltr'>atquc</span> <span class='ocrx_word' id='word_1_38' title='bbox 150 666 296 738; x_wconf 88' lang='lat' dir='ltr'>ultimum,</span> <span class='ocrx_word' id='word_1_39' title='bbox 312 678 344 725; x_wconf 91' lang='lat' dir='ltr'>ut</span> <span class='ocrx_word' id='word_1_40' title='bbox 358 666 396 725; x_wconf 91' lang='lat' dir='ltr'>de</span> <span class='ocrx_word' id='word_1_41' title='bbox 415 665 542 744; x_wconf 89' lang='lat' dir='ltr'>strophis</span> <span class='ocrx_word' id='word_1_42' title='bbox 562 665 686 737; x_wconf 81' lang='lat' dir='ltr'>dicat-ur,</span> <span class='ocrx_word' id='word_1_43' title='bbox 707 664 731 722; x_wconf 89' lang='lat' dir='ltr'>is</span> <span class='ocrx_word' id='word_1_44' title='bbox 751 664 824 747; x_wconf 79' lang='lat' dir='ltr'>ordo</span> <span class='ocrx_word' id='word_1_45' title='bbox 844 665 996 725; x_wconf 88' lang='lat' dir='ltr'>videbatur</span> <span class='ocrx_word' id='word_1_46' title='bbox 1016 666 1182 745; x_wconf 89' lang='lat' dir='ltr'>aptissimus</span> 
     </span>
     <span class='ocr_line' id='line_1_6' title="bbox 16 746 1182 826; baseline -0.002 -19"><span class='ocrx_word' id='word_1_47' title='bbox 16 750 125 820; x_wconf 78' lang='lat' dir='ltr'>“esse,</span> <span class='ocrx_word' id='word_1_48' title='bbox 147 766 207 826; x_wconf 87' lang='lat' dir='ltr'>quo</span> <span class='ocrx_word' id='word_1_49' title='bbox 226 747 308 825; x_wconf 90' lang='lat' dir='ltr'>quasi</span> <span class='ocrx_word' id='word_1_50' title='bbox 336 747 480 826; x_wconf 80' lang='lat' dir='ltr'>gradatim</span> <span class='ocrx_word' id='word_1_51' title='bbox 500 747 538 805; x_wconf 88' lang='lat' dir='ltr'>ad</span> <span class='ocrx_word' id='word_1_52' title='bbox 558 746 641 821; x_wconf 23' lang='lat' dir='ltr'>illam,</span> <span class='ocrx_word' id='word_1_53' title='bbox 657 764 843 805; x_wconf 91' lang='lat' dir='ltr'>numerorum</span> <span class='ocrx_word' id='word_1_54' title='bbox 864 748 1043 818; x_wconf 87' lang='lat' dir='ltr'>varietatem,</span> <span class='ocrx_word' id='word_1_55' title='bbox 1065 768 1130 826; x_wconf 91' lang='lat' dir='ltr'>quae</span> <span class='ocrx_word' id='word_1_56' title='bbox 1151 749 1182 806; x_wconf 90' lang='lat' dir='ltr'>in</span> 
     </span>
     <span class='ocr_line' id='line_1_7' title="bbox 45 827 1181 908; baseline 0.001 -21"><span class='ocrx_word' id='word_1_57' title='bbox 45 830 175 908; x_wconf 87' lang='lat' dir='ltr'>strophis</span> <span class='ocrx_word' id='word_1_58' title='bbox 186 841 241 899; x_wconf 86' lang='lat' dir='ltr'>est,</span> <span class='ocrx_word' id='word_1_59' title='bbox 249 829 486 907; x_wconf 86' lang='lat' dir='ltr'><strong>perduceremur.</strong></span> <span class='ocrx_word' id='word_1_60' title='bbox 528 828 631 907; x_wconf 90' lang='lat' dir='ltr'>ltaque</span> <span class='ocrx_word' id='word_1_61' title='bbox 642 847 660 887; x_wconf 90' lang='lat' dir='ltr'>a</span> <span class='ocrx_word' id='word_1_62' title='bbox 673 827 980 906; x_wconf 85' lang='lat' dir='ltr'>polyschematistisad</span> <span class='ocrx_word' id='word_1_63' title='bbox 989 843 1181 908; x_wconf 88' lang='lat' dir='ltr'>asynartctos,</span> 
     </span>
     <span class='ocr_line' id='line_1_8' title="bbox 44 909 1179 990; baseline 0.002 -21"><span class='ocrx_word' id='word_1_64' title='bbox 44 913 85 969; x_wconf 89' lang='lat' dir='ltr'>ab</span> <span class='ocrx_word' id='word_1_65' title='bbox 100 910 145 970; x_wconf 91' lang='lat' dir='ltr'>his</span> <span class='ocrx_word' id='word_1_66' title='bbox 159 912 197 969; x_wconf 91' lang='lat' dir='ltr'>ad</span> <span class='ocrx_word' id='word_1_67' title='bbox 210 910 386 989; x_wconf 91' lang='lat' dir='ltr'>compositos</span> <span class='ocrx_word' id='word_1_68' title='bbox 399 909 560 968; x_wconf 89' lang='lat' dir='ltr'>secundum</span> <span class='ocrx_word' id='word_1_69' title='bbox 575 909 772 987; x_wconf 81' lang='lat' dir='ltr'>antipathiam,</span> <span class='ocrx_word' id='word_1_70' title='bbox 796 909 863 967; x_wconf 91' lang='lat' dir='ltr'>inde</span> <span class='ocrx_word' id='word_1_71' title='bbox 882 910 921 970; x_wconf 92' lang='lat' dir='ltr'>ad</span> <span class='ocrx_word' id='word_1_72' title='bbox 937 929 1082 983; x_wconf 89' lang='lat' dir='ltr'>numeros,</span> <span class='ocrx_word' id='word_1_73' title='bbox 1096 931 1179 990; x_wconf 74' lang='lat' dir='ltr'>¹quos</span> 
     </span>
     <span class='ocr_line' id='line_1_9' title="bbox 47 989 889 1071; baseline -0.001 -18"><span class='ocrx_word' id='word_1_74' title='bbox 47 1004 205 1053; x_wconf 90' lang='lat' dir='ltr'>concretos</span> <span class='ocrx_word' id='word_1_75' title='bbox 218 989 370 1071; x_wconf 91' lang='lat' dir='ltr'>appellavi,</span> <span class='ocrx_word' id='word_1_76' title='bbox 384 991 629 1069; x_wconf 87' lang='lat' dir='ltr'>progrediendum</span> <span class='ocrx_word' id='word_1_77' title='bbox 644 1009 707 1056; x_wconf 89' lang='lat' dir='ltr'>esse</span> <span class='ocrx_word' id='word_1_78' title='bbox 721 1003 801 1050; x_wconf 91' lang='lat' dir='ltr'>ratus</span> <span class='ocrx_word' id='word_1_79' title='bbox 814 1011 889 1052; x_wconf 91' lang='lat' dir='ltr'>sum.</span> 
     </span>
    </p>

    <p class='ocr_par' dir='ltr' id='par_1_3' title="bbox 46 1071 1197 1561">
     <span class='ocr_line' id='line_1_10' title="bbox 88 1071 1181 1152; baseline -0.002 -17"><span class='ocrx_word' id='word_1_80' title='bbox 88 1078 119 1135; x_wconf 65' lang='lat'>2.</span> <span class='ocrx_word' id='word_1_81' title='bbox 142 1074 240 1144; x_wconf 89' lang='lat' dir='ltr'>Nunc,</span> <span class='ocrx_word' id='word_1_82' title='bbox 260 1073 427 1152; x_wconf 84' lang='lat' dir='ltr'>priusquam</span> <span class='ocrx_word' id='word_1_83' title='bbox 448 1073 486 1130; x_wconf 91' lang='lat' dir='ltr'>ad</span> <span class='ocrx_word' id='word_1_84' title='bbox 506 1072 582 1151; x_wconf 90' lang='lat' dir='ltr'>ipsas</span> <span class='ocrx_word' id='word_1_85' title='bbox 601 1071 735 1151; x_wconf 89' lang='lat' dir='ltr'>strophas</span> <span class='ocrx_word' id='word_1_86' title='bbox 755 1073 904 1144; x_wconf 84' lang='lat' dir='ltr'>accedam,</span> <span class='ocrx_word' id='word_1_87' title='bbox 924 1074 1026 1152; x_wconf 85' lang='lat' dir='ltr'>paucis</span> <span class='ocrx_word' id='word_1_88' title='bbox 1047 1075 1181 1143; x_wconf 83' lang='lat' dir='ltr'>universe</span> 
     </span>
     <span class='ocr_line' id='line_1_11' title="bbox 46 1152 1197 1234; baseline 0.002 -22"><span class='ocrx_word' id='word_1_89' title='bbox 46 1153 87 1213; x_wconf 91' lang='lat' dir='ltr'>de</span> <span class='ocrx_word' id='word_1_90' title='bbox 102 1155 263 1215; x_wconf 86' lang='lat' dir='ltr'>condendis</span> <span class='ocrx_word' id='word_1_91' title='bbox 277 1154 452 1214; x_wconf 89' lang='lat' dir='ltr'>carminibus</span> <span class='ocrx_word' id='word_1_92' title='bbox 465 1152 571 1214; x_wconf 90' lang='lat' dir='ltr'>dicam.</span> <span class='ocrx_word' id='word_1_93' title='bbox 611 1156 686 1220; x_wconf 85' lang='lat' dir='ltr'>Quae</span> <span class='ocrx_word' id='word_1_94' title='bbox 700 1172 747 1212; x_wconf 90' lang='lat' dir='ltr'>res</span> <span class='ocrx_word' id='word_1_95' title='bbox 760 1153 815 1213; x_wconf 90' lang='lat' dir='ltr'>etsi</span> <span class='ocrx_word' id='word_1_96' title='bbox 829 1174 888 1212; x_wconf 92' lang='lat' dir='ltr'>non</span> <span class='ocrx_word' id='word_1_97' title='bbox 899 1174 1003 1233; x_wconf 86' lang='lat' dir='ltr'>expers</span> <span class='ocrx_word' id='word_1_98' title='bbox 1013 1169 1058 1215; x_wconf 89' lang='lat' dir='ltr'>est</span> <span class='ocrx_word' id='word_1_99' title='bbox 1072 1156 1197 1234; x_wconf 82' lang='lat' dir='ltr'>legum„</span> 
     </span>
     <span class='ocr_line' id='line_1_12' title="bbox 46 1234 1182 1317; baseline 0 -21"><span class='ocrx_word' id='word_1_100' title='bbox 46 1247 160 1309; x_wconf 68' lang='lat' dir='ltr'>minen,</span> <span class='ocrx_word' id='word_1_101' title='bbox 181 1236 316 1315; x_wconf 91' lang='lat' dir='ltr'>quoniam</span> <span class='ocrx_word' id='word_1_102' title='bbox 338 1235 418 1314; x_wconf 87' lang='lat' dir='ltr'>leges</span> <span class='ocrx_word' id='word_1_103' title='bbox 438 1235 495 1293; x_wconf 86' lang='lat' dir='ltr'>illae</span> <span class='ocrx_word' id='word_1_104' title='bbox 514 1255 574 1294; x_wconf 91' lang='lat' dir='ltr'>non</span> <span class='ocrx_word' id='word_1_105' title='bbox 594 1234 649 1293; x_wconf 91' lang='lat' dir='ltr'>nisi</span> <span class='ocrx_word' id='word_1_106' title='bbox 669 1254 708 1293; x_wconf 86' lang='lat' dir='ltr'>ex</span> <span class='ocrx_word' id='word_1_107' title='bbox 728 1255 814 1294; x_wconf 89' lang='lat' dir='ltr'>sensu</span> <span class='ocrx_word' id='word_1_108' title='bbox 836 1240 908 1315; x_wconf 84' lang='lat' dir='ltr'>ejus,</span> <span class='ocrx_word' id='word_1_109' title='bbox 929 1238 1009 1314; x_wconf 92' lang='lat' dir='ltr'>quod</span> <span class='ocrx_word' id='word_1_110' title='bbox 1028 1250 1129 1317; x_wconf 84' lang='lat' dir='ltr'>aptum</span> <span class='ocrx_word' id='word_1_111' title='bbox 1151 1250 1182 1297; x_wconf 88' lang='lat' dir='ltr'>et</span> 
     </span>
     <span class='ocr_line' id='line_1_13' title="bbox 47 1317 1195 1396; baseline 0.003 -20"><span class='ocrx_word' id='word_1_112' title='bbox 47 1319 227 1378; x_wconf 89' lang='lat' dir='ltr'>conveniens</span> <span class='ocrx_word' id='word_1_113' title='bbox 241 1318 288 1391; x_wconf 87' lang='lat' dir='ltr'>sit,</span> <span class='ocrx_word' id='word_1_114' title='bbox 299 1319 438 1396; x_wconf 88' lang='lat' dir='ltr'>pendent,</span> <span class='ocrx_word' id='word_1_115' title='bbox 454 1317 516 1375; x_wconf 89' lang='lat' dir='ltr'>fieri</span> <span class='ocrx_word' id='word_1_116' title='bbox 530 1337 588 1374; x_wconf 91' lang='lat' dir='ltr'>non</span> <span class='ocrx_word' id='word_1_117' title='bbox 602 1326 709 1396; x_wconf 86' lang='lat' dir='ltr'>potest,</span> <span class='ocrx_word' id='word_1_118' title='bbox 725 1317 794 1394; x_wconf 88' lang='lat' dir='ltr'>quin</span> <span class='ocrx_word' id='word_1_119' title='bbox 809 1328 868 1375; x_wconf 89' lang='lat' dir='ltr'>tam</span> <span class='ocrx_word' id='word_1_120' title='bbox 883 1319 969 1376; x_wconf 89' lang='lat' dir='ltr'>variae</span> <span class='ocrx_word' id='word_1_121' title='bbox 982 1338 1017 1379; x_wconf 91' lang='lat' dir='ltr'>ac</span> <span class='ocrx_word' id='word_1_122' title='bbox 1028 1318 1195 1379; x_wconf 88' lang='lat' dir='ltr'>mutabiles.</span> 
     </span>
     <span class='ocr_line' id='line_1_14' title="bbox 46 1398 1182 1471; baseline 0.001 -13"><span class='ocrx_word' id='word_1_123' title='bbox 46 1400 117 1470; x_wconf 89' lang='lat' dir='ltr'>sint,</span> <span class='ocrx_word' id='word_1_124' title='bbox 140 1414 173 1459; x_wconf 90' lang='lat' dir='ltr'>ut</span> <span class='ocrx_word' id='word_1_125' title='bbox 193 1399 264 1458; x_wconf 88' lang='lat' dir='ltr'>nihil</span> <span class='ocrx_word' id='word_1_126' title='bbox 285 1399 323 1458; x_wconf 92' lang='lat' dir='ltr'>de</span> <span class='ocrx_word' id='word_1_127' title='bbox 343 1399 378 1458; x_wconf 91' lang='lat' dir='ltr'>iis</span> <span class='ocrx_word' id='word_1_128' title='bbox 399 1399 472 1458; x_wconf 90' lang='lat' dir='ltr'>certi</span> <span class='ocrx_word' id='word_1_129' title='bbox 493 1398 641 1471; x_wconf 88' lang='lat' dir='ltr'>constitui,</span> <span class='ocrx_word' id='word_1_130' title='bbox 662 1399 715 1457; x_wconf 90' lang='lat' dir='ltr'>sed</span> <span class='ocrx_word' id='word_1_131' title='bbox 735 1400 938 1459; x_wconf 90' lang='lat' dir='ltr'>tantummodo</span> <span class='ocrx_word' id='word_1_132' title='bbox 965 1402 1182 1460; x_wconf 90' lang='lat' dir='ltr'>observationes</span> 
     </span>
     <span class='ocr_line' id='line_1_15' title="bbox 48 1479 617 1561; baseline 0 -21"><span class='ocrx_word' id='word_1_133' title='bbox 48 1481 184 1561; x_wconf 88' lang='lat' dir='ltr'>quaedam</span> <span class='ocrx_word' id='word_1_134' title='bbox 199 1482 227 1539; x_wconf 89' lang='lat' dir='ltr'>in</span> <span class='ocrx_word' id='word_1_135' title='bbox 243 1480 370 1540; x_wconf 87' lang='lat' dir='ltr'>medium</span> <span class='ocrx_word' id='word_1_136' title='bbox 385 1479 479 1539; x_wconf 84' lang='lat' dir='ltr'>afferri</span> <span class='ocrx_word' id='word_1_137' title='bbox 499 1492 617 1558; x_wconf 90' lang='lat' dir='ltr'>queant.</span> 
     </span>
    </p>

    <p class='ocr_par' dir='ltr' id='par_1_4' title="bbox 46 1561 1195 1891">
     <span class='ocr_line' id='line_1_16' title="bbox 88 1561 1181 1643; baseline 0.001 -21"><span class='ocrx_word' id='word_1_138' title='bbox 88 1568 119 1622; x_wconf 81' lang='lat'>3.</span> <span class='ocrx_word' id='word_1_139' title='bbox 141 1563 316 1624; x_wconf 86' lang='lat' dir='ltr'>Continetur</span> <span class='ocrx_word' id='word_1_140' title='bbox 329 1574 427 1622; x_wconf 91' lang='lat' dir='ltr'>autem</span> <span class='ocrx_word' id='word_1_141' title='bbox 441 1563 535 1643; x_wconf 87' lang='lat' dir='ltr'>omnis</span> <span class='ocrx_word' id='word_1_142' title='bbox 549 1561 709 1620; x_wconf 89' lang='lat' dir='ltr'>carminum</span> <span class='ocrx_word' id='word_1_143' title='bbox 731 1561 950 1622; x_wconf 89' lang='lat' dir='ltr'>condendorum</span> <span class='ocrx_word' id='word_1_144' title='bbox 972 1564 1046 1624; x_wconf 90' lang='lat' dir='ltr'>ratio</span> <span class='ocrx_word' id='word_1_145' title='bbox 1067 1564 1181 1623; x_wconf 92' lang='lat' dir='ltr'>duabus</span> 
     </span>
     <span class='ocr_line' id='line_1_17' title="bbox 46 1646 1194 1725; baseline 0.001 -22"><span class='ocrx_word' id='word_1_146' title='bbox 46 1646 189 1725; x_wconf 88' lang='lat' dir='ltr'>partibus,</span> <span class='ocrx_word' id='word_1_147' title='bbox 205 1663 387 1704; x_wconf 76' lang='lat' dir='ltr'>nascamur.</span> <span class='ocrx_word' id='word_1_148' title='bbox 401 1655 432 1703; x_wconf 88' lang='lat' dir='ltr'>et</span> <span class='ocrx_word' id='word_1_149' title='bbox 447 1662 699 1704; x_wconf 78' lang='lat' dir='ltr'>raacrarroua:</span> <span class='ocrx_word' id='word_1_150' title='bbox 720 1662 842 1721; x_wconf 88' lang='lat' dir='ltr'>quarum</span> <span class='ocrx_word' id='word_1_151' title='bbox 864 1663 1003 1718; x_wconf 74' lang='lat' dir='ltr'>arnosto</span> <span class='ocrx_word' id='word_1_152' title='bbox 1025 1647 1054 1703; x_wconf 92' lang='lat' dir='ltr'>in</span> <span class='ocrx_word' id='word_1_153' title='bbox 1076 1665 1194 1723; x_wconf 56' lang='lat' dir='ltr'>genere,</span> 
     </span>
     <span class='ocr_line' id='line_1_18' title="bbox 47 1724 1195 1806; baseline -0.003 -19"><span class='ocrx_word' id='word_1_154' title='bbox 47 1726 175 1799; x_wconf 89' lang='lat' dir='ltr'>numeri,</span> <span class='ocrx_word' id='word_1_155' title='bbox 189 1726 267 1806; x_wconf 91' lang='lat' dir='ltr'>quod</span> <span class='ocrx_word' id='word_1_156' title='bbox 278 1725 384 1804; x_wconf 88' lang='lat' dir='ltr'>cuique</span> <span class='ocrx_word' id='word_1_157' title='bbox 399 1726 441 1785; x_wconf 92' lang='lat' dir='ltr'>rei</span> <span class='ocrx_word' id='word_1_158' title='bbox 454 1737 554 1804; x_wconf 89' lang='lat' dir='ltr'>aptum</span> <span class='ocrx_word' id='word_1_159' title='bbox 568 1727 615 1798; x_wconf 90' lang='lat' dir='ltr'>sit,</span> <span class='ocrx_word' id='word_1_160' title='bbox 630 1724 817 1797; x_wconf 90' lang='lat' dir='ltr'>inveniendo,</span> <span class='ocrx_word' id='word_1_161' title='bbox 833 1744 1025 1786; x_wconf 76' lang='lat' dir='ltr'>rasorarro</span> <span class='ocrx_word' id='word_1_162' title='bbox 1041 1740 1139 1787; x_wconf 88' lang='lat' dir='ltr'>autem</span> <span class='ocrx_word' id='word_1_163' title='bbox 1154 1727 1195 1797; x_wconf 46' lang='lat' dir='ltr'>in,</span> 
     </span>
     <span class='ocr_line' id='line_1_19' title="bbox 49 1807 1063 1891; baseline -0.001 -22"><span class='ocrx_word' id='word_1_164' title='bbox 49 1822 121 1891; x_wconf 89' lang='lat' dir='ltr'>apta</span> <span class='ocrx_word' id='word_1_165' title='bbox 134 1809 237 1867; x_wconf 90' lang='lat' dir='ltr'>borum</span> <span class='ocrx_word' id='word_1_166' title='bbox 252 1827 393 1886; x_wconf 86' lang='lat' dir='ltr'>generum</span> <span class='ocrx_word' id='word_1_167' title='bbox 407 1807 637 1867; x_wconf 86' lang='lat' dir='ltr'>conformatione</span> <span class='ocrx_word' id='word_1_168' title='bbox 657 1817 688 1865; x_wconf 88' lang='lat' dir='ltr'>et</span> <span class='ocrx_word' id='word_1_169' title='bbox 702 1808 909 1883; x_wconf 90' lang='lat' dir='ltr'>conjunctione</span> <span class='ocrx_word' id='word_1_170' title='bbox 922 1820 1063 1868; x_wconf 89' lang='lat' dir='ltr'>versatur.</span> 
     </span>
    </p>

    <p class='ocr_par' dir='ltr' id='par_1_5' title="bbox 43 1887 1231 4417">
     <span class='ocr_line' id='line_1_20' title="bbox 89 1887 1184 1967; baseline -0.003 -16"><span class='ocrx_word' id='word_1_171' title='bbox 89 1897 121 1952; x_wconf 80' lang='lat'>4.</span> <span class='ocrx_word' id='word_1_172' title='bbox 146 1890 195 1948; x_wconf 84' lang='lat' dir='ltr'>Ad</span> <span class='ocrx_word' id='word_1_173' title='bbox 223 1907 431 1949; x_wconf 72' lang='lat' dir='ltr'>mascaronem</span> <span class='ocrx_word' id='word_1_174' title='bbox 460 1888 539 1967; x_wconf 88' lang='lat' dir='ltr'>qnod</span> <span class='ocrx_word' id='word_1_175' title='bbox 566 1887 680 1958; x_wconf 84' lang='lat' dir='ltr'>attinet,</span> <span class='ocrx_word' id='word_1_176' title='bbox 705 1888 797 1946; x_wconf 91' lang='lat' dir='ltr'>multa</span> <span class='ocrx_word' id='word_1_177' title='bbox 820 1899 851 1946; x_wconf 91' lang='lat' dir='ltr'>et</span> <span class='ocrx_word' id='word_1_178' title='bbox 874 1889 977 1949; x_wconf 89' lang='lat' dir='ltr'>musici</span> <span class='ocrx_word' id='word_1_179' title='bbox 1001 1901 1125 1961; x_wconf 89' lang='lat' dir='ltr'>veteres,</span> <span class='ocrx_word' id='word_1_180' title='bbox 1150 1901 1184 1948; x_wconf 91' lang='lat' dir='ltr'>ut</span> 
     </span>
     <span class='ocr_line' id='line_1_21' title="bbox 49 1968 1187 2049; baseline -0.004 -16"><span class='ocrx_word' id='word_1_181' title='bbox 49 1971 200 2033; x_wconf 79' lang='lat' dir='ltr'>Aristides</span> <span class='ocrx_word' id='word_1_182' title='bbox 221 1971 417 2041; x_wconf 82' lang='lat' dir='ltr'>Quintilianus</span> <span class='ocrx_word' id='word_1_183' title='bbox 437 1992 466 2049; x_wconf 89' lang='lat' dir='ltr'>p.</span> <span class='ocrx_word' id='word_1_184' title='bbox 482 1974 531 2033; x_wconf 87' lang='lat'>97.</span> <span class='ocrx_word' id='word_1_185' title='bbox 545 1989 627 2047; x_wconf 85' lang='lat' dir='ltr'>seqq.</span> <span class='ocrx_word' id='word_1_186' title='bbox 642 1980 673 2029; x_wconf 89' lang='lat' dir='ltr'>et</span> <span class='ocrx_word' id='word_1_187' title='bbox 686 1968 818 2028; x_wconf 88' lang='lat' dir='ltr'>rhetores</span> <span class='ocrx_word' id='word_1_188' title='bbox 832 1969 869 2029; x_wconf 92' lang='lat' dir='ltr'>de</span> <span class='ocrx_word' id='word_1_189' title='bbox 883 1970 911 2026; x_wconf 92' lang='lat' dir='ltr'>vi</span> <span class='ocrx_word' id='word_1_190' title='bbox 924 1981 954 2030; x_wconf 88' lang='lat' dir='ltr'>et</span> <span class='ocrx_word' id='word_1_191' title='bbox 968 1983 1075 2046; x_wconf 86' lang='lat' dir='ltr'>natura</span> <span class='ocrx_word' id='word_1_192' title='bbox 1086 1973 1187 2048; x_wconf 87' lang='lat' dir='ltr'>eujus.</span> 
     </span>
     <span class='ocr_line' id='line_1_22' title="bbox 46 2051 1183 2135; baseline -0.004 -22"><span class='ocrx_word' id='word_1_193' title='bbox 46 2075 108 2135; x_wconf 90' lang='lat' dir='ltr'>que</span> <span class='ocrx_word' id='word_1_194' title='bbox 121 2053 235 2112; x_wconf 89' lang='lat' dir='ltr'>numeri</span> <span class='ocrx_word' id='word_1_195' title='bbox 249 2053 467 2113; x_wconf 87' lang='lat' dir='ltr'>disseruerunt:</span> <span class='ocrx_word' id='word_1_196' title='bbox 481 2072 547 2131; x_wconf 85' lang='lat' dir='ltr'>quae</span> <span class='ocrx_word' id='word_1_197' title='bbox 557 2053 611 2111; x_wconf 88' lang='lat' dir='ltr'>etsi</span> <span class='ocrx_word' id='word_1_198' title='bbox 623 2051 743 2128; x_wconf 88' lang='lat' dir='ltr'>cognitu</span> <span class='ocrx_word' id='word_1_199' title='bbox 754 2070 812 2109; x_wconf 88' lang='lat' dir='ltr'>uon</span> <span class='ocrx_word' id='word_1_200' title='bbox 822 2051 980 2129; x_wconf 90' lang='lat' dir='ltr'>injucunda</span> <span class='ocrx_word' id='word_1_201' title='bbox 994 2065 1072 2126; x_wconf 88' lang='lat' dir='ltr'>sunt,</span> <span class='ocrx_word' id='word_1_202' title='bbox 1084 2065 1183 2112; x_wconf 86' lang='lat' dir='ltr'>tamen</span> 
     </span>
     <span class='ocr_line' id='line_1_23' title="bbox 47 2133 1186 2206; baseline -0.004 -9"><span class='ocrx_word' id='word_1_203' title='bbox 47 2134 213 2197; x_wconf 85' lang='lat' dir='ltr'>cavendum</span> <span class='ocrx_word' id='word_1_204' title='bbox 227 2146 282 2206; x_wconf 87' lang='lat' dir='ltr'>est,</span> <span class='ocrx_word' id='word_1_205' title='bbox 297 2153 335 2194; x_wconf 90' lang='lat' dir='ltr'>ne</span> <span class='ocrx_word' id='word_1_206' title='bbox 348 2133 561 2206; x_wconf 89' lang='lat' dir='ltr'>obliviscamur,</span> <span class='ocrx_word' id='word_1_207' title='bbox 576 2133 694 2192; x_wconf 90' lang='lat' dir='ltr'>eosdem</span> <span class='ocrx_word' id='word_1_208' title='bbox 708 2151 854 2202; x_wconf 89' lang='lat' dir='ltr'>numeros,</span> <span class='ocrx_word' id='word_1_209' title='bbox 877 2133 953 2193; x_wconf 90' lang='lat' dir='ltr'>utin</span> <span class='ocrx_word' id='word_1_210' title='bbox 968 2135 1079 2193; x_wconf 89' lang='lat' dir='ltr'>musica</span> <span class='ocrx_word' id='word_1_211' title='bbox 1098 2153 1186 2192; x_wconf 88' lang='lat' dir='ltr'>sonos</span> 
     </span>
     <span class='ocr_line' id='line_1_24' title="bbox 46 2214 1184 2294; baseline -0.006 -15"><span class='ocrx_word' id='word_1_212' title='bbox 46 2217 179 2289; x_wconf 84' lang='lat' dir='ltr'>eosdem,</span> <span class='ocrx_word' id='word_1_213' title='bbox 200 2217 296 2294; x_wconf 89' lang='lat' dir='ltr'>prouti</span> <span class='ocrx_word' id='word_1_214' title='bbox 310 2214 355 2273; x_wconf 90' lang='lat' dir='ltr'>his</span> <span class='ocrx_word' id='word_1_215' title='bbox 374 2227 426 2274; x_wconf 88' lang='lat' dir='ltr'>aut</span> <span class='ocrx_word' id='word_1_216' title='bbox 448 2215 511 2274; x_wconf 88' lang='lat' dir='ltr'>aliis</span> <span class='ocrx_word' id='word_1_217' title='bbox 531 2215 609 2274; x_wconf 88' lang='lat' dir='ltr'>sonis</span> <span class='ocrx_word' id='word_1_218' title='bbox 631 2214 795 2274; x_wconf 88' lang='lat' dir='ltr'>numerisve</span> <span class='ocrx_word' id='word_1_219' title='bbox 816 2215 1031 2286; x_wconf 88' lang='lat' dir='ltr'>consocientur,</span> <span class='ocrx_word' id='word_1_220' title='bbox 1046 2215 1131 2274; x_wconf 91' lang='lat' dir='ltr'>aliam</span> <span class='ocrx_word' id='word_1_221' title='bbox 1153 2225 1184 2273; x_wconf 90' lang='lat' dir='ltr'>et</span> 
     </span>
     <span class='ocr_line' id='line_1_25' title="bbox 46 2296 1182 2379; baseline -0.002 -21"><span class='ocrx_word' id='word_1_222' title='bbox 46 2318 128 2379; x_wconf 74' lang='lat' dir='ltr'>sepe</span> <span class='ocrx_word' id='word_1_223' title='bbox 142 2297 316 2358; x_wconf 88' lang='lat' dir='ltr'>contrariam</span> <span class='ocrx_word' id='word_1_224' title='bbox 330 2309 462 2371; x_wconf 87' lang='lat' dir='ltr'>naturam</span> <span class='ocrx_word' id='word_1_225' title='bbox 477 2296 607 2356; x_wconf 89' lang='lat' dir='ltr'>induere.</span> <span class='ocrx_word' id='word_1_226' title='bbox 650 2300 749 2364; x_wconf 84' lang='lat' dir='ltr'>Quare</span> <span class='ocrx_word' id='word_1_227' title='bbox 763 2315 881 2375; x_wconf 89' lang='lat' dir='ltr'>operam</span> <span class='ocrx_word' id='word_1_228' title='bbox 896 2297 966 2356; x_wconf 88' lang='lat' dir='ltr'>dare</span> <span class='ocrx_word' id='word_1_229' title='bbox 980 2298 1127 2370; x_wconf 91' lang='lat' dir='ltr'>convenit,</span> <span class='ocrx_word' id='word_1_230' title='bbox 1149 2310 1182 2356; x_wconf 90' lang='lat' dir='ltr'>ut</span> 
     </span>
     <span class='ocr_line' id='line_1_26' title="bbox 44 2377 1193 2459; baseline -0.002 -18"><span class='ocrx_word' id='word_1_231' title='bbox 44 2400 166 2442; x_wconf 81' lang='lat' dir='ltr'>sensum</span> <span class='ocrx_word' id='word_1_232' title='bbox 180 2380 282 2438; x_wconf 89' lang='lat' dir='ltr'>harum</span> <span class='ocrx_word' id='word_1_233' title='bbox 293 2397 391 2457; x_wconf 86' lang='lat' dir='ltr'>rerum</span> <span class='ocrx_word' id='word_1_234' title='bbox 399 2380 491 2438; x_wconf 89' lang='lat' dir='ltr'>multa</span> <span class='ocrx_word' id='word_1_235' title='bbox 500 2382 638 2459; x_wconf 90' lang='lat' dir='ltr'>justaque</span> <span class='ocrx_word' id='word_1_236' title='bbox 648 2377 860 2436; x_wconf 87' lang='lat' dir='ltr'>exercitatione</span> <span class='ocrx_word' id='word_1_237' title='bbox 867 2397 1016 2439; x_wconf 90' lang='lat' dir='ltr'>acuamus.</span> <span class='ocrx_word' id='word_1_238' title='bbox 1056 2379 1193 2457; x_wconf 42' lang='lat' dir='ltr'>Duobus,</span> 
     </span>
     <span class='ocr_line' id='line_1_27' title="bbox 46 2454 1183 2540; baseline -0.002 -17"><span class='ocrx_word' id='word_1_239' title='bbox 46 2474 125 2534; x_wconf 84' lang='lat' dir='ltr'>utar,</span> <span class='ocrx_word' id='word_1_240' title='bbox 140 2461 233 2540; x_wconf 89' lang='lat' dir='ltr'>iisque</span> <span class='ocrx_word' id='word_1_241' title='bbox 246 2459 403 2520; x_wconf 89' lang='lat' dir='ltr'>luculentis</span> <span class='ocrx_word' id='word_1_242' title='bbox 423 2460 574 2539; x_wconf 85' lang='lat' dir='ltr'>exemplis.</span> <span class='ocrx_word' id='word_1_243' title='bbox 616 2458 771 2519; x_wconf 86' lang='lat' dir='ltr'>Trochaici</span> <span class='ocrx_word' id='word_1_244' title='bbox 791 2471 822 2517; x_wconf 90' lang='lat' dir='ltr'>et</span> <span class='ocrx_word' id='word_1_245' title='bbox 842 2459 958 2519; x_wconf 90' lang='lat' dir='ltr'>iambici</span> <span class='ocrx_word' id='word_1_246' title='bbox 978 2480 1078 2520; x_wconf 89' lang='lat' dir='ltr'>versus</span> <span class='ocrx_word' id='word_1_247' title='bbox 1092 2454 1183 2521; x_wconf 84' lang='lat' dir='ltr'>unum</span> 
     </span>
     <span class='ocr_line' id='line_1_28' title="bbox 46 2541 1183 2622; baseline -0.001 -17"><span class='ocrx_word' id='word_1_248' title='bbox 46 2562 236 2605; x_wconf 81' lang='lat' dir='ltr'>communem</span> <span class='ocrx_word' id='word_1_249' title='bbox 259 2561 413 2601; x_wconf 91' lang='lat' dir='ltr'>numerum</span> <span class='ocrx_word' id='word_1_250' title='bbox 440 2542 559 2614; x_wconf 91' lang='lat' dir='ltr'>habent,</span> <span class='ocrx_word' id='word_1_251' title='bbox 587 2542 753 2620; x_wconf 88' lang='lat' dir='ltr'>pariterque</span> <span class='ocrx_word' id='word_1_252' title='bbox 773 2541 919 2619; x_wconf 90' lang='lat' dir='ltr'>dactylici</span> <span class='ocrx_word' id='word_1_253' title='bbox 948 2553 979 2600; x_wconf 91' lang='lat' dir='ltr'>et</span> <span class='ocrx_word' id='word_1_254' title='bbox 1004 2544 1183 2622; x_wconf 88' lang='lat' dir='ltr'>anapaestici.</span> 
     </span>
     <span class='ocr_line' id='line_1_29' title="bbox 46 2623 1181 2704; baseline -0.001 -19"><span class='ocrx_word' id='word_1_255' title='bbox 46 2624 129 2685; x_wconf 88' lang='lat' dir='ltr'>Mira</span> <span class='ocrx_word' id='word_1_256' title='bbox 143 2636 242 2685; x_wconf 88' lang='lat' dir='ltr'>tamen</span> <span class='ocrx_word' id='word_1_257' title='bbox 255 2624 384 2683; x_wconf 89' lang='lat' dir='ltr'>omnium</span> <span class='ocrx_word' id='word_1_258' title='bbox 398 2624 474 2682; x_wconf 88' lang='lat' dir='ltr'>inter</span> <span class='ocrx_word' id='word_1_259' title='bbox 488 2623 565 2700; x_wconf 91' lang='lat' dir='ltr'>ipsos</span> <span class='ocrx_word' id='word_1_260' title='bbox 578 2623 728 2682; x_wconf 89' lang='lat' dir='ltr'>diversitas</span> <span class='ocrx_word' id='word_1_261' title='bbox 739 2633 793 2682; x_wconf 91' lang='lat' dir='ltr'>est.</span> <span class='ocrx_word' id='word_1_262' title='bbox 825 2623 956 2682; x_wconf 73' lang='lat' dir='ltr'>⁴lambici</span> <span class='ocrx_word' id='word_1_263' title='bbox 970 2625 1046 2682; x_wconf 89' lang='lat' dir='ltr'>enim</span> <span class='ocrx_word' id='word_1_264' title='bbox 1061 2637 1181 2704; x_wconf 87' lang='lat' dir='ltr'>propter</span> 
     </span>
     <span class='ocr_line' id='line_1_30' title="bbox 46 2703 1182 2784; baseline -0.001 -17"><span class='ocrx_word' id='word_1_265' title='bbox 46 2707 196 2779; x_wconf 82' lang='lat' dir='ltr'>ordinum,</span> <span class='ocrx_word' id='word_1_266' title='bbox 211 2705 240 2764; x_wconf 90' lang='lat' dir='ltr'>in</span> <span class='ocrx_word' id='word_1_267' title='bbox 262 2724 334 2784; x_wconf 91' lang='lat' dir='ltr'>quos</span> <span class='ocrx_word' id='word_1_268' title='bbox 349 2704 437 2763; x_wconf 91' lang='lat' dir='ltr'>dividi</span> <span class='ocrx_word' id='word_1_269' title='bbox 450 2705 555 2774; x_wconf 90' lang='lat' dir='ltr'>solent,</span> <span class='ocrx_word' id='word_1_270' title='bbox 571 2704 760 2784; x_wconf 85' lang='lat' dir='ltr'>multiplicem</span> <span class='ocrx_word' id='word_1_271' title='bbox 774 2703 954 2776; x_wconf 89' lang='lat' dir='ltr'>varietatem,</span> <span class='ocrx_word' id='word_1_272' title='bbox 975 2705 1012 2763; x_wconf 94' lang='lat' dir='ltr'>ad</span> <span class='ocrx_word' id='word_1_273' title='bbox 1032 2726 1182 2766; x_wconf 86' lang='lat' dir='ltr'>sermones</span> 
     </span>
     <span class='ocr_line' id='line_1_31' title="bbox 47 2785 1181 2866; baseline -0.003 -17"><span class='ocrx_word' id='word_1_274' title='bbox 47 2788 310 2865; x_wconf 87' lang='lat' dir='ltr'>recitationemque</span> <span class='ocrx_word' id='word_1_275' title='bbox 324 2787 462 2864; x_wconf 82' lang='lat' dir='ltr'>aptissimi</span> <span class='ocrx_word' id='word_1_276' title='bbox 477 2798 554 2845; x_wconf 89' lang='lat' dir='ltr'>sunt.</span> <span class='ocrx_word' id='word_1_277' title='bbox 596 2785 752 2845; x_wconf 83' lang='lat' dir='ltr'>Trochaici</span> <span class='ocrx_word' id='word_1_278' title='bbox 772 2798 871 2844; x_wconf 89' lang='lat' dir='ltr'>autem</span> <span class='ocrx_word' id='word_1_279' title='bbox 892 2799 1012 2865; x_wconf 91' lang='lat' dir='ltr'>propter</span> <span class='ocrx_word' id='word_1_280' title='bbox 1033 2788 1181 2866; x_wconf 79' lang='lat' dir='ltr'>aequalita-</span> 
     </span>
     <span class='ocr_line' id='line_1_32' title="bbox 47 2867 1192 2948; baseline -0.002 -19"><span class='ocrx_word' id='word_1_281' title='bbox 47 2880 112 2943; x_wconf 80' lang='lat' dir='ltr'>tem</span> <span class='ocrx_word' id='word_1_282' title='bbox 131 2869 278 2939; x_wconf 85' lang='lat' dir='ltr'>ordinum,</span> <span class='ocrx_word' id='word_1_283' title='bbox 301 2868 394 2926; x_wconf 90' lang='lat' dir='ltr'>multo</span> <span class='ocrx_word' id='word_1_284' title='bbox 418 2868 510 2948; x_wconf 88' lang='lat' dir='ltr'>magis</span> <span class='ocrx_word' id='word_1_285' title='bbox 531 2867 744 2927; x_wconf 89' lang='lat' dir='ltr'>accommodati</span> <span class='ocrx_word' id='word_1_286' title='bbox 764 2879 833 2926; x_wconf 90' lang='lat' dir='ltr'>sunt</span> <span class='ocrx_word' id='word_1_287' title='bbox 854 2869 962 2928; x_wconf 87' lang='lat' dir='ltr'>cantui.</span> <span class='ocrx_word' id='word_1_288' title='bbox 1005 2871 1192 2948; x_wconf 78' lang='lat' dir='ltr'>Anapaestici.</span> 
     </span>
     <span class='ocr_line' id='line_1_33' title="bbox 48 2949 1183 3030; baseline 0.002 -21"><span class='ocrx_word' id='word_1_289' title='bbox 48 2970 130 3023; x_wconf 87' lang='lat' dir='ltr'>vero,</span> <span class='ocrx_word' id='word_1_290' title='bbox 145 2950 175 3009; x_wconf 91' lang='lat' dir='ltr'>in</span> <span class='ocrx_word' id='word_1_291' title='bbox 190 2950 294 3030; x_wconf 88' lang='lat' dir='ltr'>quibus</span> <span class='ocrx_word' id='word_1_292' title='bbox 307 2950 410 3008; x_wconf 87' lang='lat' dir='ltr'>cadem</span> <span class='ocrx_word' id='word_1_293' title='bbox 424 2949 554 3009; x_wconf 89' lang='lat' dir='ltr'>cernitur</span> <span class='ocrx_word' id='word_1_294' title='bbox 567 2949 702 3008; x_wconf 88' lang='lat' dir='ltr'>ordinum</span> <span class='ocrx_word' id='word_1_295' title='bbox 716 2949 873 3027; x_wconf 74' lang='lat' dir='ltr'>aequalitas,</span> <span class='ocrx_word' id='word_1_296' title='bbox 895 2950 987 3028; x_wconf 87' lang='lat' dir='ltr'>magis</span> <span class='ocrx_word' id='word_1_297' title='bbox 1004 2951 1042 3010; x_wconf 91' lang='lat' dir='ltr'>ad</span> <span class='ocrx_word' id='word_1_298' title='bbox 1062 2970 1183 3029; x_wconf 88' lang='lat' dir='ltr'>gravem</span> 
     </span>
     <span class='ocr_line' id='line_1_34' title="bbox 48 3029 1183 3113; baseline 0 -20"><span class='ocrx_word' id='word_1_299' title='bbox 48 3032 205 3113; x_wconf 82' lang='lat' dir='ltr'>quamdam</span> <span class='ocrx_word' id='word_1_300' title='bbox 215 3042 246 3091; x_wconf 91' lang='lat' dir='ltr'>et</span> <span class='ocrx_word' id='word_1_301' title='bbox 256 3029 436 3110; x_wconf 89' lang='lat' dir='ltr'>splendidam</span> <span class='ocrx_word' id='word_1_302' title='bbox 447 3031 659 3103; x_wconf 89' lang='lat' dir='ltr'>recitationem,</span> <span class='ocrx_word' id='word_1_303' title='bbox 673 3051 760 3109; x_wconf 92' lang='lat' dir='ltr'>quam</span> <span class='ocrx_word' id='word_1_304' title='bbox 771 3030 809 3089; x_wconf 91' lang='lat' dir='ltr'>ad</span> <span class='ocrx_word' id='word_1_305' title='bbox 820 3042 939 3091; x_wconf 90' lang='lat' dir='ltr'>cantum</span> <span class='ocrx_word' id='word_1_306' title='bbox 949 3031 1046 3092; x_wconf 90' lang='lat' dir='ltr'>idonei</span> <span class='ocrx_word' id='word_1_307' title='bbox 1056 3045 1134 3104; x_wconf 90' lang='lat' dir='ltr'>sunt,</span> <span class='ocrx_word' id='word_1_308' title='bbox 1146 3054 1183 3093; x_wconf 90' lang='lat' dir='ltr'>ea</span> 
     </span>
     <span class='ocr_line' id='line_1_35' title="bbox 51 3108 1182 3193; baseline -0.002 -18"><span class='ocrx_word' id='word_1_309' title='bbox 51 3110 169 3187; x_wconf 70' lang='lat' dir='ltr'>damea,</span> <span class='ocrx_word' id='word_1_310' title='bbox 179 3114 248 3192; x_wconf 90' lang='lat' dir='ltr'>quia</span> <span class='ocrx_word' id='word_1_311' title='bbox 260 3132 312 3193; x_wconf 91' lang='lat' dir='ltr'>per</span> <span class='ocrx_word' id='word_1_312' title='bbox 326 3112 442 3172; x_wconf 89' lang='lat' dir='ltr'>crebras</span> <span class='ocrx_word' id='word_1_313' title='bbox 456 3113 614 3172; x_wconf 87' lang='lat' dir='ltr'>solutiones</span> <span class='ocrx_word' id='word_1_314' title='bbox 629 3113 902 3191; x_wconf 84' lang='lat' dir='ltr'>contractionesque</span> <span class='ocrx_word' id='word_1_315' title='bbox 914 3108 1021 3172; x_wconf 60' lang='lat' dir='ltr'>horsus</span> <span class='ocrx_word' id='word_1_316' title='bbox 1041 3114 1182 3174; x_wconf 89' lang='lat' dir='ltr'>minuitur</span> 
     </span>
     <span class='ocr_line' id='line_1_36' title="bbox 50 3192 1180 3275; baseline -0.001 -20"><span class='ocrx_word' id='word_1_317' title='bbox 50 3192 199 3275; x_wconf 72' lang='lat' dir='ltr'>aequabilis</span> <span class='ocrx_word' id='word_1_318' title='bbox 212 3194 260 3254; x_wconf 90' lang='lat' dir='ltr'>ille</span> <span class='ocrx_word' id='word_1_319' title='bbox 274 3195 423 3255; x_wconf 90' lang='lat' dir='ltr'>decursus.</span> <span class='ocrx_word' id='word_1_320' title='bbox 465 3196 512 3254; x_wconf 87' lang='lat' dir='ltr'>Ex</span> <span class='ocrx_word' id='word_1_321' title='bbox 527 3194 679 3273; x_wconf 88' lang='lat' dir='ltr'>dactylicis</span> <span class='ocrx_word' id='word_1_322' title='bbox 693 3192 819 3271; x_wconf 92' lang='lat' dir='ltr'>denique</span> <span class='ocrx_word' id='word_1_323' title='bbox 833 3194 863 3264; x_wconf 91' lang='lat' dir='ltr'>ii,</span> <span class='ocrx_word' id='word_1_324' title='bbox 879 3194 928 3271; x_wconf 91' lang='lat' dir='ltr'>qui</span> <span class='ocrx_word' id='word_1_325' title='bbox 942 3193 1057 3272; x_wconf 91' lang='lat' dir='ltr'>plenam</span> <span class='ocrx_word' id='word_1_326' title='bbox 1071 3196 1180 3273; x_wconf 91' lang='lat' dir='ltr'>pedum</span> 
     </span>
     <span class='ocr_line' id='line_1_37' title="bbox 49 3274 1181 3355; baseline -0.001 -20"><span class='ocrx_word' id='word_1_327' title='bbox 49 3294 213 3337; x_wconf 87' lang='lat' dir='ltr'>mensuram</span> <span class='ocrx_word' id='word_1_328' title='bbox 227 3277 347 3349; x_wconf 91' lang='lat' dir='ltr'>habent,</span> <span class='ocrx_word' id='word_1_329' title='bbox 361 3287 480 3354; x_wconf 91' lang='lat' dir='ltr'>propter</span> <span class='ocrx_word' id='word_1_330' title='bbox 493 3276 627 3335; x_wconf 90' lang='lat' dir='ltr'>ordinum</span> <span class='ocrx_word' id='word_1_331' title='bbox 641 3275 836 3353; x_wconf 78' lang='lat' dir='ltr'>aequalitatem</span> <span class='ocrx_word' id='word_1_332' title='bbox 847 3274 1080 3355; x_wconf 90' lang='lat' dir='ltr'>syllabarumque</span> <span class='ocrx_word' id='word_1_333' title='bbox 1091 3278 1181 3336; x_wconf 86' lang='lat' dir='ltr'>stabi·</span> 
     </span>
     <span class='ocr_line' id='line_1_38' title="bbox 50 3355 1179 3436; baseline 0 -21"><span class='ocrx_word' id='word_1_334' title='bbox 50 3356 91 3417; x_wconf 92' lang='lat' dir='ltr'>les</span> <span class='ocrx_word' id='word_1_335' title='bbox 103 3356 317 3418; x_wconf 87' lang='lat' dir='ltr'>vicissitudines</span> <span class='ocrx_word' id='word_1_336' title='bbox 332 3356 430 3417; x_wconf 90' lang='lat' dir='ltr'>cantui</span> <span class='ocrx_word' id='word_1_337' title='bbox 444 3358 520 3416; x_wconf 89' lang='lat' dir='ltr'>bene</span> <span class='ocrx_word' id='word_1_338' title='bbox 534 3356 727 3417; x_wconf 86' lang='lat' dir='ltr'>conveniunt:</span> <span class='ocrx_word' id='word_1_339' title='bbox 749 3355 828 3433; x_wconf 93' lang='lat' dir='ltr'>quod</span> <span class='ocrx_word' id='word_1_340' title='bbox 842 3369 945 3421; x_wconf 85' lang='lat' dir='ltr'>contra</span> <span class='ocrx_word' id='word_1_341' title='bbox 959 3356 1010 3427; x_wconf 89' lang='lat' dir='ltr'>illi,</span> <span class='ocrx_word' id='word_1_342' title='bbox 1025 3359 1074 3436; x_wconf 93' lang='lat' dir='ltr'>qui</span> <span class='ocrx_word' id='word_1_343' title='bbox 1088 3359 1179 3436; x_wconf 90' lang='lat' dir='ltr'>pedes</span> 
     </span>
     <span class='ocr_line' id='line_1_39' title="bbox 50 3436 1178 3517; baseline 0 -21"><span class='ocrx_word' id='word_1_344' title='bbox 50 3438 158 3499; x_wconf 86' lang='lat' dir='ltr'>habent</span> <span class='ocrx_word' id='word_1_345' title='bbox 171 3439 361 3509; x_wconf 88' lang='lat' dir='ltr'>irrationales,</span> <span class='ocrx_word' id='word_1_346' title='bbox 376 3437 430 3496; x_wconf 91' lang='lat' dir='ltr'>etsi</span> <span class='ocrx_word' id='word_1_347' title='bbox 450 3452 613 3517; x_wconf 87' lang='lat' dir='ltr'>propterea,</span> <span class='ocrx_word' id='word_1_348' title='bbox 638 3436 718 3517; x_wconf 92' lang='lat' dir='ltr'>quod</span> <span class='ocrx_word' id='word_1_349' title='bbox 742 3437 818 3495; x_wconf 88' lang='lat' dir='ltr'>arsin</span> <span class='ocrx_word' id='word_1_350' title='bbox 841 3457 900 3495; x_wconf 89' lang='lat' dir='ltr'>non</span> <span class='ocrx_word' id='word_1_351' title='bbox 923 3438 1072 3515; x_wconf 87' lang='lat' dir='ltr'>pariuntur</span> <span class='ocrx_word' id='word_1_352' title='bbox 1096 3440 1178 3510; x_wconf 88' lang='lat' dir='ltr'>solvi,</span> 
     </span>
     <span class='ocr_line' id='line_1_40' title="bbox 50 3518 1179 3598; baseline 0.003 -21"><span class='ocrx_word' id='word_1_353' title='bbox 50 3532 130 3581; x_wconf 88' lang='lat' dir='ltr'>recte</span> <span class='ocrx_word' id='word_1_354' title='bbox 143 3520 182 3581; x_wconf 90' lang='lat' dir='ltr'>ad</span> <span class='ocrx_word' id='word_1_355' title='bbox 196 3519 359 3580; x_wconf 90' lang='lat' dir='ltr'>canendum</span> <span class='ocrx_word' id='word_1_356' title='bbox 374 3518 503 3579; x_wconf 90' lang='lat' dir='ltr'>adhiberi</span> <span class='ocrx_word' id='word_1_357' title='bbox 518 3531 649 3598; x_wconf 88' lang='lat' dir='ltr'>possunt,</span> <span class='ocrx_word' id='word_1_358' title='bbox 663 3532 761 3578; x_wconf 88' lang='lat' dir='ltr'>tamen</span> <span class='ocrx_word' id='word_1_359' title='bbox 782 3530 901 3596; x_wconf 89' lang='lat' dir='ltr'>propter</span> <span class='ocrx_word' id='word_1_360' title='bbox 921 3519 1055 3578; x_wconf 89' lang='lat' dir='ltr'>ordinum</span> <span class='ocrx_word' id='word_1_361' title='bbox 1076 3521 1179 3580; x_wconf 91' lang='lat' dir='ltr'>miram</span> 
     </span>
     <span class='ocr_line' id='line_1_41' title="bbox 48 3598 1179 3680; baseline 0 -19"><span class='ocrx_word' id='word_1_362' title='bbox 48 3603 217 3662; x_wconf 87' lang='lat' dir='ltr'>varietatem</span> <span class='ocrx_word' id='word_1_363' title='bbox 230 3602 357 3680; x_wconf 85' lang='lat' dir='ltr'>aptiores</span> <span class='ocrx_word' id='word_1_364' title='bbox 370 3601 408 3659; x_wconf 91' lang='lat' dir='ltr'>ad</span> <span class='ocrx_word' id='word_1_365' title='bbox 422 3602 622 3661; x_wconf 88' lang='lat' dir='ltr'>recitationem</span> <span class='ocrx_word' id='word_1_366' title='bbox 637 3600 780 3659; x_wconf 87' lang='lat' dir='ltr'>videntur.</span> <span class='ocrx_word' id='word_1_367' title='bbox 825 3598 937 3659; x_wconf 86' lang='lat' dir='ltr'>Eodem</span> <span class='ocrx_word' id='word_1_368' title='bbox 952 3600 1039 3659; x_wconf 91' lang='lat' dir='ltr'>modo</span> <span class='ocrx_word' id='word_1_369' title='bbox 1053 3620 1092 3660; x_wconf 85' lang='lat' dir='ltr'>ex</span> <span class='ocrx_word' id='word_1_370' title='bbox 1107 3621 1179 3661; x_wconf 88' lang='lat' dir='ltr'>con·</span> 
     </span>
     <span class='ocr_line' id='line_1_42' title="bbox 50 3681 1189 3763; baseline -0.001 -20"><span class='ocrx_word' id='word_1_371' title='bbox 50 3682 208 3744; x_wconf 83' lang='lat' dir='ltr'>sociatione</span> <span class='ocrx_word' id='word_1_372' title='bbox 222 3682 347 3763; x_wconf 90' lang='lat' dir='ltr'>plurium</span> <span class='ocrx_word' id='word_1_373' title='bbox 362 3697 521 3743; x_wconf 90' lang='lat' dir='ltr'>metrorum</span> <span class='ocrx_word' id='word_1_374' title='bbox 536 3682 710 3743; x_wconf 89' lang='lat' dir='ltr'>admirabilis</span> <span class='ocrx_word' id='word_1_375' title='bbox 731 3681 863 3762; x_wconf 84' lang='lat' dir='ltr'>quaedam</span> <span class='ocrx_word' id='word_1_376' title='bbox 883 3681 1007 3741; x_wconf 89' lang='lat' dir='ltr'>varietas</span> <span class='ocrx_word' id='word_1_377' title='bbox 1021 3683 1189 3754; x_wconf 71' lang='lat' dir='ltr'>enascitur„</span> 
     </span>
     <span class='ocr_line' id='line_1_43' title="bbox 51 3764 1179 3843; baseline 0 -19"><span class='ocrx_word' id='word_1_378' title='bbox 51 3784 115 3843; x_wconf 83' lang='lat' dir='ltr'>quae</span> <span class='ocrx_word' id='word_1_379' title='bbox 127 3785 252 3841; x_wconf 68' lang='lat' dir='ltr'>rausum,</span> <span class='ocrx_word' id='word_1_380' title='bbox 268 3764 398 3843; x_wconf 90' lang='lat' dir='ltr'>quamvis</span> <span class='ocrx_word' id='word_1_381' title='bbox 411 3766 524 3824; x_wconf 89' lang='lat' dir='ltr'>diversa</span> <span class='ocrx_word' id='word_1_382' title='bbox 543 3765 600 3823; x_wconf 89' lang='lat' dir='ltr'>sint</span> <span class='ocrx_word' id='word_1_383' title='bbox 621 3776 724 3835; x_wconf 91' lang='lat' dir='ltr'>metra,</span> <span class='ocrx_word' id='word_1_384' title='bbox 746 3764 884 3843; x_wconf 89' lang='lat' dir='ltr'>quasdam</span> <span class='ocrx_word' id='word_1_385' title='bbox 906 3783 1074 3823; x_wconf 90' lang='lat' dir='ltr'>communes</span> <span class='ocrx_word' id='word_1_386' title='bbox 1094 3777 1179 3824; x_wconf 91' lang='lat' dir='ltr'>notas</span> 
     </span>
     <span class='ocr_line' id='line_1_44' title="bbox 49 3844 1231 3925; baseline -0.001 -21"><span class='ocrx_word' id='word_1_387' title='bbox 49 3844 148 3919; x_wconf 85' lang='lat' dir='ltr'>habet,</span> <span class='ocrx_word' id='word_1_388' title='bbox 163 3867 235 3925; x_wconf 90' lang='lat' dir='ltr'>quas</span> <span class='ocrx_word' id='word_1_389' title='bbox 249 3847 367 3918; x_wconf 89' lang='lat' dir='ltr'>sentire,</span> <span class='ocrx_word' id='word_1_390' title='bbox 383 3866 469 3924; x_wconf 89' lang='lat' dir='ltr'>quam</span> <span class='ocrx_word' id='word_1_391' title='bbox 491 3846 656 3905; x_wconf 90' lang='lat' dir='ltr'>describere</span> <span class='ocrx_word' id='word_1_392' title='bbox 676 3845 789 3904; x_wconf 88' lang='lat' dir='ltr'>facilius</span> <span class='ocrx_word' id='word_1_393' title='bbox 813 3857 866 3904; x_wconf 84' lang='lat' dir='ltr'>est.</span> <span class='ocrx_word' id='word_1_394' title='bbox 908 3845 951 3905; x_wconf 90' lang='lat' dir='ltr'>Ut</span> <span class='ocrx_word' id='word_1_395' title='bbox 974 3846 1038 3923; x_wconf 91' lang='lat' dir='ltr'>quis</span> <span class='ocrx_word' id='word_1_396' title='bbox 1058 3864 1116 3904; x_wconf 92' lang='lat' dir='ltr'>non</span> <span class='ocrx_word' id='word_1_397' title='bbox 1138 3848 1178 3905; x_wconf 90' lang='lat' dir='ltr'>vi·</span> <span class='ocrx_word' id='word_1_398' title='bbox 1228 3898 1231 3903; x_wconf 90' lang='lat'>.</span> 
     </span>
     <span class='ocr_line' id='line_1_45' title="bbox 50 3925 1179 4007; baseline -0.001 -19"><span class='ocrx_word' id='word_1_399' title='bbox 50 3926 127 4000; x_wconf 83' lang='lat' dir='ltr'>dest,</span> <span class='ocrx_word' id='word_1_400' title='bbox 142 3929 192 4007; x_wconf 91' lang='lat' dir='ltr'>qui</span> <span class='ocrx_word' id='word_1_401' title='bbox 205 3928 251 3987; x_wconf 91' lang='lat' dir='ltr'>bis</span> <span class='ocrx_word' id='word_1_402' title='bbox 264 3929 350 3988; x_wconf 86' lang='lat' dir='ltr'>rebus</span> <span class='ocrx_word' id='word_1_403' title='bbox 365 3947 482 4006; x_wconf 88' lang='lat' dir='ltr'>operam</span> <span class='ocrx_word' id='word_1_404' title='bbox 497 3926 621 3998; x_wconf 85' lang='lat' dir='ltr'>dederit,</span> <span class='ocrx_word' id='word_1_405' title='bbox 635 3926 714 3987; x_wconf 91' lang='lat' dir='ltr'>aliud</span> <span class='ocrx_word' id='word_1_406' title='bbox 729 3927 958 4006; x_wconf 84' lang='lat' dir='ltr'>intragicorum,</span> <span class='ocrx_word' id='word_1_407' title='bbox 973 3925 1053 3985; x_wconf 90' lang='lat' dir='ltr'>aliud</span> <span class='ocrx_word' id='word_1_408' title='bbox 1066 3926 1095 3984; x_wconf 92' lang='lat' dir='ltr'>in</span> <span class='ocrx_word' id='word_1_409' title='bbox 1109 3926 1179 4007; x_wconf 87' lang='lat' dir='ltr'>lyri-</span> 
     </span>
     <span class='ocr_line' id='line_1_46' title="bbox 49 4008 1179 4087; baseline -0.001 -18"><span class='ocrx_word' id='word_1_410' title='bbox 49 4017 150 4069; x_wconf 83' lang='lat' dir='ltr'>oarum</span> <span class='ocrx_word' id='word_1_411' title='bbox 173 4012 301 4069; x_wconf 89' lang='lat' dir='ltr'>numeris</span> <span class='ocrx_word' id='word_1_412' title='bbox 324 4009 474 4087; x_wconf 86' lang='lat' dir='ltr'>ingenium</span> <span class='ocrx_word' id='word_1_413' title='bbox 497 4028 668 4087; x_wconf 86' lang='lat' dir='ltr'>expressum</span> <span class='ocrx_word' id='word_1_414' title='bbox 692 4008 773 4067; x_wconf 80' lang='lat' dir='ltr'>esse?</span> <span class='ocrx_word' id='word_1_415' title='bbox 795 4028 918 4087; x_wconf 90' lang='lat' dir='ltr'>quorum</span> <span class='ocrx_word' id='word_1_416' title='bbox 941 4008 1045 4086; x_wconf 87' lang='lat' dir='ltr'>tragici</span> <span class='ocrx_word' id='word_1_417' title='bbox 1065 4011 1179 4077; x_wconf 85' lang='lat' dir='ltr'>numeri</span> 
     </span>
     <span class='ocr_line' id='line_1_47' title="bbox 48 4088 1175 4170; baseline -0.001 -19"><span class='ocrx_word' id='word_1_418' title='bbox 48 4092 197 4151; x_wconf 68' lang='lat' dir='ltr'>maritum</span> <span class='ocrx_word' id='word_1_419' title='bbox 214 4091 284 4169; x_wconf 94' lang='lat' dir='ltr'>quid</span> <span class='ocrx_word' id='word_1_420' title='bbox 297 4103 329 4163; x_wconf 80' lang='lat' dir='ltr'>et</span> <span class='ocrx_word' id='word_1_421' title='bbox 341 4092 459 4170; x_wconf 89' lang='lat' dir='ltr'>plenum</span> <span class='ocrx_word' id='word_1_422' title='bbox 474 4091 680 4161; x_wconf 89' lang='lat' dir='ltr'>contentionis,</span> <span class='ocrx_word' id='word_1_423' title='bbox 693 4088 878 4169; x_wconf 86' lang='lat' dir='ltr'>lyricietiam</span> <span class='ocrx_word' id='word_1_424' title='bbox 892 4089 922 4146; x_wconf 91' lang='lat' dir='ltr'>in</span> <span class='ocrx_word' id='word_1_425' title='bbox 935 4109 1048 4157; x_wconf 85' lang='lat' dir='ltr'>summo</span> <span class='ocrx_word' id='word_1_426' title='bbox 1062 4090 1175 4150; x_wconf 88' lang='lat' dir='ltr'>fervore</span> 
     </span>
     <span class='ocr_line' id='line_1_48' title="bbox 47 4171 1177 4251; baseline -0.001 -19"><span class='ocrx_word' id='word_1_427' title='bbox 47 4172 246 4233; x_wconf 85' lang='lat' dir='ltr'>remissionem</span> <span class='ocrx_word' id='word_1_428' title='bbox 271 4173 425 4251; x_wconf 90' lang='lat' dir='ltr'>quamdam</span> <span class='ocrx_word' id='word_1_429' title='bbox 447 4186 478 4231; x_wconf 91' lang='lat' dir='ltr'>et</span> <span class='ocrx_word' id='word_1_430' title='bbox 502 4172 601 4231; x_wconf 90' lang='lat' dir='ltr'>nescio</span> <span class='ocrx_word' id='word_1_431' title='bbox 625 4172 695 4250; x_wconf 92' lang='lat' dir='ltr'>quid</span> <span class='ocrx_word' id='word_1_432' title='bbox 719 4171 846 4230; x_wconf 89' lang='lat' dir='ltr'>solutum</span> <span class='ocrx_word' id='word_1_433' title='bbox 867 4171 996 4231; x_wconf 84' lang='lat' dir='ltr'>habent:</span> <span class='ocrx_word' id='word_1_434' title='bbox 1017 4182 1060 4245; x_wconf 88' lang='lat' dir='ltr'>ut,</span> <span class='ocrx_word' id='word_1_435' title='bbox 1081 4174 1105 4231; x_wconf 93' lang='lat' dir='ltr'>si</span> <span class='ocrx_word' id='word_1_436' title='bbox 1119 4192 1177 4231; x_wconf 90' lang='lat' dir='ltr'>uno</span> 
     </span>
     <span class='ocr_line' id='line_1_49' title="bbox 43 4253 1176 4332; baseline 0.002 -21"><span class='ocrx_word' id='word_1_437' title='bbox 43 4254 137 4313; x_wconf 79' lang='lat' dir='ltr'>verbo</span> <span class='ocrx_word' id='word_1_438' title='bbox 150 4254 305 4331; x_wconf 88' lang='lat' dir='ltr'>discrimen</span> <span class='ocrx_word' id='word_1_439' title='bbox 329 4253 515 4313; x_wconf 89' lang='lat' dir='ltr'>indicandum</span> <span class='ocrx_word' id='word_1_440' title='bbox 530 4257 577 4328; x_wconf 90' lang='lat' dir='ltr'>sit,</span> <span class='ocrx_word' id='word_1_441' title='bbox 599 4253 726 4331; x_wconf 87' lang='lat' dir='ltr'>tragicos</span> <span class='ocrx_word' id='word_1_442' title='bbox 747 4272 883 4312; x_wconf 85' lang='lat' dir='ltr'>numeros</span> <span class='ocrx_word' id='word_1_443' title='bbox 903 4263 1049 4326; x_wconf 89' lang='lat' dir='ltr'>actuosos,</span> <span class='ocrx_word' id='word_1_444' title='bbox 1070 4253 1176 4332; x_wconf 76' lang='lat' dir='ltr'>lyricos</span> 
     </span>
     <span class='ocr_line' id='line_1_50' title="bbox 44 4334 480 4417; baseline -0.005 -21"><span class='ocrx_word' id='word_1_445' title='bbox 44 4334 206 4398; x_wconf 78' lang='lat' dir='ltr'>cantabiles</span> <span class='ocrx_word' id='word_1_446' title='bbox 220 4335 366 4417; x_wconf 86' lang='lat' dir='ltr'>appellare</span> <span class='ocrx_word' id='word_1_447' title='bbox 380 4336 480 4414; x_wconf 87' lang='lat' dir='ltr'>possis.</span> 
     </span>
    </p>
   </div>
   <div class='ocr_carea' id='block_1_3' title="bbox 0 0 1352 4866">
    <p class='ocr_par' dir='ltr' id='par_1_6' title="bbox 0 0 1352 4866">
     <span class='ocr_line' id='line_1_51' title="bbox 0 0 1352 4866; baseline 0 0"><span class='ocrx_word' id='word_1_448' title='bbox 0 0 1352 4866; x_wconf 95' lang='lat' dir='ltr'> </span> 
     </span>
    </p>
   </div>
  </div>
 </body>
</html>
