2694 4866
82 214 87 221 ⁶
172 221 233 327 nn
254 258 448 325 rnnnrcrs
469 255 708 320 sarnanum
729 251 1042 319 acarnnncrm.
1132 252 1171 318 rr

122 471 176 537 πάι
186 463 239 532 bis'
252 466 300 540 lyd
312 464 367 525 αἴν’
381 462 412 525 dr
426 461 545 541 λάβοιμ’,
559 466 631 536 sidric
646 458 707 523 soils
713 490 722 530 ;

123 555 201 610 natale
215 547 240 608 dl
254 549 302 608 κάν
316 548 337 606 lt
347 545 424 627 ἦμέςῳ
437 547 515 618 γνοίης
525 547 582 623 μιᾷ.

125 629 214 701 dzrt,
235 631 264 689 sl
273 638 323 706 μοι
337 625 430 708 deaii-au
443 625 610 696 βεβούλευσαι
620 625 683 707 triga.

123 712 191 790 οἴμοι
202 711 297 776 τάλας·
310 708 366 768 't'osrt'
382 711 486 786 ἓμιιυτὶο
500 713 531 773 οἷς
540 706 615 788 nigris.

122 795 199 866 ιιῖιγὲι
212 796 248 853 τοὶ
260 793 303 869 μὲι
317 792 397 849 salton
412 789 551 871 ionga-lpas·
566 789 631 864 ἰ’μιις
643 785 675 849 δ’.
747 842 751 855 x

124 875 199 976 xst'pot
212 872 311 938 διπλοῖς
325 871 444 953 elsegus-l
452 896 503 947 prov
516 871 645 928 sadduco.

121 958 154 1022 ὃς
170 980 196 1014 ιιι
209 956 299 1033 plutio
315 952 392 1033 ῥάψιιο
406 950 501 1020 ίοιιιτάο,
523 947 572 1010 odl'
583 948 626 1017 ἐ’τι,

123 1036 197 1120 fidit
209 1058 243 1113 μι
257 1041 303 1107 γῆς
317 1029 422 1097 irrisi
439 1033 492 1090 datr
503 1029 623 1109 τάχισθ’,
639 1030 717 1090 dms-⁴

79 1169 122 1212 aec
144 1161 191 1209 tot
215 1167 273 1208 una
287 1148 323 1206 in
342 1145 442 1207 fabula
461 1144 597 1224 exempla
609 1145 688 1219 satis,
710 1146 823 1228 opinor,
845 1146 1011 1220 ostendent,
1031 1166 1108 1228 steps
1121 1165 1173 1207 ne·

79 1243 173 1293 ectam
187 1250 250 1290 esse
263 1247 412 1288 caesuram.
454 1227 533 1294 Quin
547 1246 586 1286 ex
601 1226 704 1286 eadem
717 1228 815 1290 fabula
828 1229 912 1309 plura
932 1229 1020 1289 etiam
1040 1230 1174 1309 exempla

79 1312 171 1374 ¹oferri
184 1321 332 1392 poterant,
353 1310 407 1368 nisi
421 1308 555 1368 consulto
570 1307 738 1382 omisissem,
760 1330 825 1391 quae
839 1310 876 1370 ad
891 1330 999 1389 genera
1013 1329 1030 1369 a
1044 1310 1175 1370 Porsono

79 1395 207 1454 instituta
222 1392 322 1452 referri
336 1402 466 1472 possunt.
508 1389 705 1456 Quamobrem
719 1392 761 1452 ita
773 1390 870 1472 potius
884 1402 1055 1463 statuemus,
1077 1391 1174 1470 legiti-

79 1497 124 1536 am
145 1494 208 1536 esse
222 1492 361 1534 caesuram
376 1491 452 1544 eam,
474 1491 539 1550 quae
553 1482 597 1532 est
610 1471 640 1531 in
662 1473 758 1533 medio
773 1474 848 1553 pede
860 1474 961 1544 tertio;
980 1493 1057 1553 saepe
1076 1485 1176 1533 autem

79 1560 135 1618 iam
157 1557 247 1628 illam,
268 1574 333 1634 quae
354 1558 518 1636 {adipapqlq
541 1564 672 1626 vocatur,
694 1556 836 1635 usurpari,
858 1574 916 1635 quo
937 1554 1016 1615 lacto
1036 1555 1177 1635 reliquam

79 1658 146 1700 rsus
159 1648 283 1718 partem,
305 1647 338 1696 ut
352 1634 428 1694 infra
442 1633 697 1712 demonstrabitur,
718 1636 749 1695 in
762 1637 816 1697 hos
830 1637 947 1697 ordines
955 1636 1055 1710 dividi,

129 1769 353 1851 Lei-Lu...

79 1913 190 1962 soteres
202 1920 272 1961 vero
285 1917 365 1959 nunc
386 1917 502 1958 omnem
529 1916 669 1958 caesuram
682 1899 805 1981 negligi,
825 1919 906 1961 nunc
919 1899 1000 1972 alias,
1021 1917 1108 1979 quarn
1122 1925 1178 1962 τοι·

79 1991 181 2077 pepigi
197 1994 286 2061 atque
308 1985 471 2063 ἐφθομιμεςῖ,
496 1981 640 2061 usurpari,
660 1991 694 2042 st
714 1982 747 2041 in
768 1983 871 2043 eadem
898 1981 1051 2063 Sophoclis
1070 1978 1180 2056 fabula,

79 2066 217 2143 elongrus
233 2064 346 2135 abeam,
368 2083 395 2120 v.
411 2066 502 2128 1171.

129 2185 205 2243 κιιόου
218 2182 295 2256 γίτοι
309 2180 337 2246 dl
351 2188 411 2249 ταῖς
423 2179 555 2263 ἐκλῄζεθ’.
569 2178 577 2264 Ι
596 2183 608 2246 οἱ
624 2180 645 2240 l'
660 2179 716 2242 't'coa

79 2310 89 2359 t
103 2302 191 2364 1173.

129 2415 147 2488 ἦ
160 2420 212 2501 γάρ
227 2414 324 2478 δι’)ιιοιο
337 2414 380 2487 llll
394 2442 451 2486 σοις
469 2413 478 2497 l
493 2414 616 2494 μάλιστ’,
625 2413 700 2489 dmi.

79 2549 91 2598 l
104 2543 193 2607 1264·

134 2661 259 2722 πλατιοῒς
273 2654 355 2736 bigam
370 2652 579 2732 ἐμπεπλεγμένοι·
597 2652 604 2734 Ι
623 2651 681 2714 ill.

79 2778 93 2827 t
105 2773 173 2833 250·

138 2869 160 2929 ἔι
173 2875 224 2936 τοῖς
238 2869 305 2946 {pole
318 2867 403 2943 γένοιτ’
420 2865 427 2951 Ι
444 2870 503 2947 iperi
517 2865 659 2941 ξυιιιδάτος,

79 3002 118 3060 quo
131 3004 238 3064 genere
251 2985 423 3063 plerumque
436 2983 466 3042 in
480 2987 589 3063 majore
604 2981 742 3042 orationis
750 2981 904 3042 severitate
918 2991 1050 3059 utuntur.
1093 2981 1185 3045 Deni-

79 3081 118 3140 que
131 3085 207 3146 saepe
221 3065 308 3126 etiam
322 3065 420 3144 plures
430 3065 460 3123 in
474 3083 533 3122 uno
547 3083 632 3123 versu
646 3082 770 3124 caesuras
784 3083 856 3136 esse,
877 3063 1041 3143 cujusmodi
1051 3066 1187 3206 exempla

79 3148 192 3220 quedam
203 3167 292 3227 supra
305 3145 447 3207 dedimus.
489 3145 676 3224 Omninoque
689 3145 796 3225 quivel
807 3164 894 3204 unam
904 3145 1027 3223 alicujus
1037 3156 1131 3226 tragoe
1152 3147 1189 3206 ire

79 3240 177 3288 tunam
191 3239 305 3288 attente
317 3227 458 3307 perlegat,
480 3226 553 3287 mira
565 3226 706 3286 varietate
726 3225 901 3304 multiplices
921 3227 1056 3286 ordinum
1080 3229 1188 3288 format

79 3310 223 3370 consociari
243 3309 363 3370 videbit.
405 3309 509 3389 Neque
524 3308 601 3368 enim
623 3319 769 3386 putamus,
789 3326 853 3367 esse
877 3308 983 3381 adhuc,
1005 3308 1056 3387 qul
1080 3309 1187 3388 digitos

79 3392 165 3471 magis,
186 3410 273 3471 quam
287 3390 424 3451 orationis
437 3390 529 3450 incisa
541 3390 571 3448 in
585 3389 716 3468 legen&
725 3390 854 3450 versibus
867 3391 979 3450 consuli
988 3389 1068 3451 velit.

107 3475 132 3531 8.
154 3472 214 3534 Sed
227 3472 383 3532 dicendum
394 3476 454 3553 jam
468 3483 513 3531 est
522 3470 559 3531 de
567 3471 626 3531 alio
639 3471 762 3531 Porsoni
774 3470 904 3531 decreto.
945 3472 1044 3549 Negat
1055 3470 1104 3531 ille
1112 3469 1190 3529 eninr

79 3553 191 3632 lragioes
205 3573 343 3634 umquam
356 3553 445 3633 pedes
457 3553 577 3614 tertium
596 3564 628 3613 et
643 3564 779 3632 quartum
793 3551 895 3612 eadem
908 3571 982 3611 voce
999 3551 1190 3630 comprehen-

79 3629 145 3695 dere.
186 3638 288 3717 Atque
302 3634 357 3696 etsi
377 3654 476 3695 versus
497 3633 649 3715 quosdam,
670 3635 700 3692 in
716 3634 821 3712 quibus
834 3634 889 3692 ista
909 3631 1012 3693 divisio
1030 3633 1191 3710 conspicie-

79 3711 160 3788 batur,
181 3716 321 3796 praeclare
345 3716 381 3776 ab
402 3736 437 3776 eo
458 3715 627 3776 emendatos
649 3713 832 3786 confitemur,
856 3727 954 3774 tamen
968 3724 1084 3774 tantum
1098 3714 1193 3786 abest,

79 3806 102 3853 ut
119 3798 195 3857 hanc
218 3800 255 3857 ob
279 3816 409 3858 caussam
430 3797 622 3858 necessariam
636 3796 724 3854 fuisse
745 3796 977 3856 emendationem
991 3807 1138 3875 putemus,
1158 3808 1193 3856 ut

79 3895 125 3936 non
138 3879 196 3938 allo
209 3879 307 3939 valere
320 3879 483 3940 observatio
496 3880 551 3939 ista
568 3877 651 3938 nobis
664 3875 806 3949 videatur,
831 3896 918 3957 quam
933 3891 965 3936 ut
987 3895 1046 3936 non
1071 3895 1192 3956 magno·

79 3979 135 4036 tere
150 3962 302 4039 probatam
317 3979 334 4020 a
348 3961 466 4039 tragicis
479 3979 543 4021 esse
556 3959 642 4019 istam
655 3959 889 4020 distributionem
898 3968 1045 4038 appareat.
1086 3959 1148 4020 Cur
1157 3979 1195 4020 etr

79 4054 165 4102 tutem
182 4042 372 4121 displicuerit,
394 4053 527 4121 apertum
547 4051 602 4102 est.
642 4040 720 4099 Nam
741 4041 788 4100 isti
810 4041 901 4121 pedes
924 4041 947 4098 si
966 4059 1025 4099 uno
1049 4042 1194 4105 vocabulo

79 4125 269 4197 mntinenmr,
289 4124 320 4182 in
334 4136 393 4183 tres
406 4125 532 4203 aequaies
544 4122 663 4182 ordines
676 4122 766 4182 dividi
775 4142 888 4183 versum
902 4140 1022 4184 necesse
1037 4133 1095 4182 est:

145 4239 163 4310 ἦ
179 4239 253 4324 adgr'
270 4239 311 4324 dg'
327 4239 358 4303 άι
375 4237 381 4322 Ι
400 4241 563 4322 capturim
580 4237 587 4322 1
606 4243 723 4322 maqueda
738 4241 807 4318 ἓμῧν.
