2694 4866
176 302 239 362 440
559 290 641 360 tm.
650 292 712 361 111.
733 294 826 361 CAP.
837 292 925 361 XVI.

261 465 430 549 ΜΜΧΜ
444 461 519 533 ‘mi
531 464 602 539 aa«
615 464 638 533 fit
651 464 735 527 ῐῖλὸλ

183 590 307 653 Constat
320 587 369 648 hic
382 603 480 646 versus
504 605 543 646 ex
557 585 672 645 duobus
685 584 843 661 ordinibus,
876 604 980 646 uorum
992 584 1075 667 prior
1088 594 1137 647 est
1150 585 1297 669 penthemi·

182 690 278 734 meres
291 667 456 739 iambicum,
471 667 545 728 olter
558 679 655 727 sutem
670 687 709 728 ex
729 667 843 726 duobus
894 668 988 748 ctylis.
1030 667 1134 729 Facile
1147 670 1227 731 enim
1238 670 1299 751 ped·

183 772 260 825 mur,
280 749 460 812 Boeolrhium
474 769 503 828 p.
517 754 566 814 79.
581 749 698 808 auribus
710 748 816 808 nostris
829 750 933 820 vereri,
953 749 979 808 si
999 749 1032 808 in
1047 750 1198 831 dactylos,
1211 752 1302 812 nonin

179 833 375 912 logaoedieum
390 830 520 910 ordinem
540 831 621 890 exire
635 830 689 889 hos
701 847 802 891 versus
822 841 992 891 statuamus.
1033 829 1216 909 Persuasum
1236 834 1303 897 euim

181 915 332 986 hebemus,
347 932 402 973 nee
416 924 546 972 veterum
559 929 745 992 quemquem,
759 929 855 992 osque
878 911 1089 987 recentiorum,
1113 914 1172 973 nisi
1185 914 1237 995 qui
1253 933 1303 975 sne

181 995 270 1059 alicui
290 994 431 1056 doctrinm
443 992 517 1075 plus,
533 1012 620 1071 quam
633 992 732 1052 sensui
744 992 832 1053 etiam
852 992 929 1054 ultro
949 992 1092 1065 monenti,
1119 995 1243 1071 tribuat,
1262 994 1304 1057 sli-

181 1088 228 1139 ter
242 1097 327 1158 quom
342 1076 455 1136 duobus
469 1073 592 1169 dactylis
605 1074 659 1132 hos
678 1093 777 1134 versus
790 1071 907 1135 finiisse
947 1077 992 1134 At
1013 1086 1154 1137 veterum
1175 1076 1302 1159 exemplo

181 1159 406 1239 Klopstockiom
420 1168 450 1217 et
461 1159 595 1216 Vostrum
607 1154 771 1234 logsoedico
779 1173 901 1216 numero
914 1155 1061 1217 dimensos
1073 1175 1143 1219 esse
1155 1156 1237 1220 buno
1248 1178 1304 1219 var.

59 1234 62 1243 .
180 1261 247 1301 gum
267 1241 307 1300 uit
330 1238 507 1299 Boeckhius.
548 1236 692 1295 Nimirum
715 1236 780 1295 hoee
803 1255 920 1316 quoque
934 1237 1143 1332 prppemflus
1164 1259 1302 1321 'enlm

182 1323 298 1382 videtur
321 1322 365 1380 vir
388 1320 523 1398 optimus.
564 1318 622 1384 Qui
642 1328 712 1377 suot
735 1317 824 1390 enim,
847 1338 921 1397 quos
944 1318 1026 1392 droit,
1046 1320 1194 1381 veteres?
1235 1322 1303 1381 llum

184 1401 381 1483 Hephaestio?
401 1413 431 1460 at
445 1401 531 1479 hujus
543 1400 632 1459 verba
645 1398 849 1478 apposuimus:
871 1399 901 1458 in
915 1399 1020 1479 quibus
1030 1399 1162 1463 nihilest
1175 1402 1215 1463 da
1226 1421 1302 1463 esre.

183 1488 235 1544 An
248 1483 320 1544 alii?
340 1483 437 1542 athos
451 1480 554 1541 citatos
568 1479 732 1559 oportebat,
751 1499 800 1551 ne,
814 1479 946 1540 silector
968 1482 1128 1561 quesitum
1151 1485 1219 1557 iret,
1242 1503 1302 1545 oon·

183 1567 304 1626 trarium
318 1584 357 1625 ex
373 1560 465 1624 Servii
480 1560 659 1622 Centimetro
673 1581 703 1641 p.
727 1564 813 1625 1825.
828 1579 866 1621 ex
881 1561 978 1623 Mario
993 1562 1152 1624 Victorino
1171 1586 1203 1645 p.
1223 1569 1301 1629 1616.

182 1666 223 1709 ex
233 1645 325 1706 Atilio
336 1642 544 1704 Fortunatiano
557 1662 587 1722 p.
602 1646 692 1708 2703.
705 1662 744 1702 ex
758 1640 862 1702 Mallio
875 1642 1034 1704 Theodoro
1046 1664 1077 1723 p.
1091 1650 1145 1707 23.
1159 1644 1301 1727 proferret,

183 1728 320 1808 aquibus
329 1745 387 1787 non
401 1726 547 1805 putandus
560 1733 605 1783 est
618 1724 770 1784 dusaritim
784 1722 897 1783 Plotius
927 1728 1040 1787 ‚2652
1054 1724 1195 1787 ultimum
1204 1727 1300 1822 pedem

183 1805 334 1891 dactylum
346 1808 393 1869 rel
405 1805 632 1887 amphimacrum
657 1803 768 1877 dicens,
790 1823 880 1885 quum
937 1804 944 1820 '
968 1824 1071 1867 omnes
1084 1807 1257 1889 simpliciter
1277 1807 1301 1867 in

182 1892 258 1953 dnos
271 1888 405 1970 dactylos
420 1887 502 1947 exire
515 1887 595 1946 huno
607 1904 723 1946 versum
737 1884 862 1948 tradant.
903 1885 964 1947 Sed
983 1885 1123 1947 vossium
1142 1898 1300 1970 quoquest

180 1971 407 2055 Klopstoclrium
420 1979 555 2029 auctores
567 1967 686 2027 adhibet
699 1965 875 2028 boaekhius.
908 1967 1189 2031 DeVossiovernm
1203 1980 1301 2033 meret:

183 2056 234 2117 eui
247 2055 334 2126 idem,
349 2049 429 2134 quod
441 2049 506 2129 ipsi,
520 2047 678 2120 occiderat,
692 2059 736 2120 ut,
755 2049 826 2109 dum
847 2058 979 2109 vetamm
1002 2067 1143 2111 nummos
1163 2048 1300 2117 hodiern‘r

181 2136 360 2207 musicorum
374 2131 516 2212 rhythmis
528 2148 581 2211 per
594 2129 774 2191 incrementa
787 2139 951 2213 temporum
964 2140 995 2191 et
1015 2149 1123 2211 pausos
1144 2143 1178 2194 et
1198 2133 1225 2193 si
1245 2148 1300 2229 qu

182 2212 496 2295 suntoliaehujrrsmodi
503 2210 880 2284 machinae,aecommodsre
888 2212 1314 2295 conereturmaptusopimoot·

181 2298 243 2373 illa.
255 2299 334 2359 bano
347 2295 433 2357 unice
446 2312 544 2375 reram
557 2311 620 2353 esse
633 2302 759 2373 putaret.
798 2292 859 2354 Klo
892 2292 991 2354 tockio
1005 2311 1075 2355 vero
1090 2293 1229 2374 injuriam
1238 2292 1299 2357 leth

144 2420 147 2425 ,
183 2379 362 2451 booethius,
375 2378 400 2439 ri
413 2377 441 2438 ei
452 2374 648 2455 logaoedicum
661 2372 792 2434 ordinem
805 2372 836 2433 in
877 2393 914 2435 oc
935 2393 1032 2436 versu
1044 2376 1205 2456 probatum
1224 2376 1299 2437 hin

185 2461 320 2523 eredidit.
353 2460 389 2520 Iu
402 2456 530 2519 omnium
544 2455 675 2516 monibus
689 2465 756 2515 sunt
769 2455 857 2534 hujus
870 2454 949 2518 odoer
962 2474 1085 2535 quarum
1096 2456 1298 2518 siunieltstirt

184 2541 342 2622 descriptio
362 2540 447 2600 metri
467 2537 661 2616 logaoedicum
675 2537 806 2596 ordinem
822 2537 932 2596 habens
951 2536 1073 2617 proefixa
1092 2549 1151 2609 est,
1166 2550 1200 2600 at
1216 2538 1299 2597 idest

183 2643 266 2696 casu,
279 2634 329 2683 aut
344 2621 423 2702 quod
436 2619 566 2679 nltimam
580 2618 719 2699 syllabam
727 2615 883 2696 ancipitem
897 2636 960 2679 esse
973 2617 1196 2691 sciret,factum
1205 2634 1301 2681 ersees

182 2700 701 2863 fflffii‘ffilffllhiii’
715 2718 780 2781 ‘¹⁰²
790 2699 925 2779 ’Μ’
938 2698 1075 2761 mm
1095 2700 1221 2774 Μ’
1242 2717 1302 2782 '’¹‘'

227 2871 273 2932 17.
288 2865 348 2927 Sed
362 2866 480 2926 omnino
493 2864 549 2923 alia
561 2863 675 2923 videtur
687 2861 774 2942 hujus
786 2862 913 2941 strophae
925 2879 989 2922 esse
1002 2860 1086 2932 ratio,
1097 2881 1190 2943 quam
1200 2860 1302 2924 liosok·

183 2948 236 3009 hio
248 2948 341 3006 visum
362 2957 417 3005 est.
458 2945 516 3011 Qui
538 2944 592 3004 atsi
606 2944 678 3004 illud
688 2955 769 3004 recte
782 2942 993 3015 animadvertit,
1014 2962 1157 3005 numeros
1170 2945 1200 3003 in
1213 2945 1300 3024 hqjut·

184 3028 265 3088 modi
278 3024 403 3107 strophis
416 3025 523 3086 similes
535 3025 590 3084 sibi
603 3044 677 3097 esse,
697 3035 727 3084 et
741 3022 825 3085 sliter
837 3043 856 3085 a
887 3043 925 3083 ue
938 3023 1154 3089 olitarvariarit
1175 3023 1301 3087 temtum

181 3129 245 3192 qua
257 3129 290 3169 re
303 3107 397 3188 posita
409 3107 447 3167 sit
460 3126 496 3167 ea
514 3105 681 3180 similitudo,
701 3124 761 3165 non
782 3104 850 3184 satis
895 3105 987 3167 ocnit.
1025 3104 1162 3169 Alonion
1184 3104 1301 3185 strophe

184 3193 246 3253 dno
265 3202 334 3252 suot
356 3189 481 3261 ordines,
503 3188 552 3268 qui
575 3187 664 3248 totius
685 3187 812 3266 stropboe
834 3186 984 3249 materiam
998 3187 1168 3260 continent,
1186 3206 1259 3249 unus
1270 3202 1300 3245 aa

183 3274 299 3334 duobus
312 3270 456 3340 trocheis,
476 3270 550 3332 alter
563 3288 602 3330 ox
615 3269 729 3329 duobus
742 3267 875 3348 dactylis.
915 3267 984 3327 Hoc
997 3267 1027 3325 in
1041 3286 1074 3327 re
1088 3268 1300 3329 similitudooo·

181 3374 332 3417 merorum
346 3355 440 3433 posita
454 3364 508 3413 est.
549 3351 708 3411 Anacrusis
722 3348 799 3410 enim
813 3348 931 3407 minoris
945 3347 1085 3409 momenti
1099 3364 1157 3422 est,
1181 3367 1264 3430 quom
1275 3354 1301 3405 ru

184 3437 224 3497 ad
238 3448 371 3497 naturam
383 3433 496 3494 numeri
516 3433 546 3491 in
564 3430 728 3512 hujusmodi
751 3449 860 3509 genere
880 3429 1003 3491 multum
1027 3429 1174 3493 conferat.
1214 3428 1299 3492 Anto

183 3518 227 3577 illi
240 3517 356 3579 ordines
370 3515 400 3574 in
413 3515 506 3595 primo
519 3513 708 3591 secundoque
720 3530 805 3572 versu
818 3510 1049 3591 conspiciunturr

213 3656 217 3663 “
265 3644 700 3734 υΙζυ-υΙ-’.υυ-υυ

184 3781 221 3846 ln
235 3781 322 3843 tertio
335 3779 415 3860 prior
427 3778 472 3838 bis
485 3777 595 3857 positus
605 3787 665 3839 est:

264 3907 650 3997 V¹LV”ViLu-u

185 4043 215 4102 in
229 4055 332 4123 quarto
345 4041 471 4121 denique
485 4040 570 4100 ambo
584 4059 682 4101 rursus
695 4036 844 4122 conjuncti
857 4036 887 4097 in
901 4056 1001 4108 unum,

924 4128 942 4155 Q

265 4173 308 4235 .‘.
314 4206 601 4239 wwwww
610 4205 635 4238 υ

227 4310 274 4367 18.
295 4303 355 4364 Hic
369 4323 485 4384 quoque
498 4304 591 4384 primo
604 4303 697 4365 Alcaei
706 4303 817 4387 aliquot
828 4299 1092 4383 exempla‘ponam.
1117 4296 1208 4383 Apud
1217 4292 1293 4358 Athe·

183 4405 278 4447 noeum
295 4385 331 4447 X.
344 4405 375 4467 p.
388 4390 458 4450 430.
473 4386 514 4445 A.
