2694 4866
207 259 265 319 DE
287 255 481 318 IAMBlCIS
502 255 739 318 TRlMETRIS
761 253 1070 318 ACATALECTIS.
1150 257 1191 314 85

89 429 167 490 :ribe
175 430 269 509 facis.
310 430 357 489 Ita
380 429 410 486 in
424 437 566 506 sequente
585 445 671 485 versu
686 425 755 486 cod.
777 425 859 505 Lips.
871 424 984 486 nescitis
1004 442 1057 503 pro
1070 421 1189 500 vulgato

89 514 161 571 escis.
201 513 236 570 In
251 512 372 590 prologo
388 509 531 569 Rudentis
544 529 572 566 v.
585 513 636 575 43.

136 646 191 683 eam
202 628 270 683 vidit
281 628 320 682 ire
331 645 347 683 e
359 627 423 682 ludo
435 626 552 680 fidicinio
564 625 680 681 domurn.

89 731 187 790 ralibri
211 743 333 791 veteres
377 731 436 790 Sed
450 742 530 789 reete
555 730 690 790 videntur
714 729 767 789 viri
789 725 869 789 docti
892 728 1038 806 corrigere
1050 726 1184 805 fidicina.

89 812 297 872 nTruculento
311 815 336 872 Ι.
354 817 381 883 1,
396 819 445 875 26.
551 868 554 875 .

139 930 175 984 bis
188 931 266 1000 periit
278 940 380 984 amator
391 930 424 984 ab
436 948 466 985 re
474 943 554 1002 etque
565 930 653 985 animo
666 922 750 984 simul.

89 1033 315 1100 rbi'scribendum
330 1052 385 1114 est,

92 1172 95 1178 “
138 1158 174 1213 bis
185 1159 254 1230 perit
265 1169 367 1214 amator
379 1159 412 1212 ab
424 1176 453 1213 re
463 1168 543 1231 atque
555 1162 587 1214 ab
599 1159 687 1215 animb
700 1159 787 1225 simul,

89 1263 307 1330 quemadmodum
331 1264 361 1321 in
382 1263 570 1341 sequentibus
590 1263 719 1322 versibus
741 1274 786 1322 tor
807 1263 879 1322 illud
896 1262 976 1344 perit
996 1259 1111 1339 repetit.
1152 1260 1188 1316 In

89 1334 164 1401 Milite
178 1346 219 1404 ΙΙ.
233 1350 263 1415 6,
280 1349 328 1411 36.
343 1344 497 1404 edebatur:

139 1457 172 1512 ita
183 1478 240 1513 sum
254 1471 370 1526 coactus,
382 1460 619 1533 Periplectomene,
630 1471 661 1515 ut
679 1461 804 1528 nesciam,

140 1541 259 1584 utrumne
270 1532 404 1602 postulare
416 1534 488 1602 prins
500 1544 589 1586 tecum
602 1551 705 1603 aequum
720 1533 779 1600 siet,

140 1618 170 1653 an
182 1620 223 1654 me
235 1601 381 1673 expurgare
393 1603 436 1655 hic
448 1604 496 1656 tibi
508 1603 628 1657 videatur
640 1604 758 1675 aequius,

142 1671 187 1725 nisi
198 1673 272 1727 istaec
285 1691 340 1727 non
353 1684 394 1728 est
405 1674 473 1740 brec,
484 1692 571 1745 neque
580 1676 630 1728 ista
643 1675 677 1730 sit
685 1675 759 1729 mihi.

90 1769 145 1834 Quae
157 1776 247 1855 Lipsii
262 1777 428 1837 emendatio
448 1788 501 1845 eet,
525 1798 583 1856 quo
605 1791 726 1838 auctore
747 1777 819 1836 ordo
833 1777 956 1837 duorum
978 1787 1191 1855 postremorum

90 1866 199 1914 versuum
224 1869 353 1916 mutatus
374 1871 427 1917 est.
461 1859 625 1936 ¹Meliorem
648 1860 724 1918 viam
745 1858 920 1918 emendandi
942 1869 1105 1917 monstrant
1124 1855 1192 1914 libri

90 1945 188 2011 veteres,
203 1959 326 2018 quorum
351 1940 446 1997 nullus
460 1961 497 1997 an
512 1939 611 2011 babet,
633 1953 665 1999 ut
679 1941 710 2000 id
724 1953 808 2007 certe¹
818 1960 877 2000 non
897 1950 963 2019 post
975 1938 1045 1998 milri
1064 1937 1191 2017 positum

90 2009 164 2080 fuerit.
211 2021 286 2080 eoo.
310 2020 391 2100 Lips.
414 2033 511 2079 autem
536 2042 647 2101 tequam
671 2032 722 2093 est,
748 2034 779 2080 et
799 2023 899 2102 ipsust,
920 2021 1092 2089 etnidelur.
1134 2018 1191 2076 Ed.

91 2091 249 2239 carpentarii
272 2111 402 2182 aequanst
427 2113 456 2161 et
481 2103 602 2176 uidetur,
633 2123 687 2182 pro
710 2103 798 2184 ipsust
820 2111 918 2163 autem
948 2103 1004 2162 ista
1029 2121 1067 2160 se.
1110 2099 1191 2157 Hinc

91 2188 131 2235 801'1
148 2203 175 2244 e:
669 2202 672 2208 “
878 2190 882 2197 '

140 2299 174 2355 ita
185 2301 242 2355 sirm
257 2311 375 2366 coactus,
386 2300 624 2372 Periplectomene,
635 2311 666 2356 ut
680 2299 806 2367 nesciam,

140 2374 261 2426 utrumne
273 2373 407 2442 postulare
419 2374 491 2443 priua
503 2390 609 2443 aequum
620 2372 670 2438 est,
679 2373 728 2427 nisi
945 2434 948 2443 ι
1195 2432 1198 2437 ,

143 2443 222 2497 istaec
233 2461 288 2497 non
301 2455 342 2498 est
354 2444 421 2508 haec,
433 2443 519 2514 neque
532 2443 624 2498 eadem
636 2444 695 2514 ipsa
706 2453 754 2511 est,
765 2443 800 2499 tin
812 2442 876 2499 mihi
963 2498 977 2515 ι,
1013 2508 1016 2513 ¹
1107 2472 1109 2477 ·

142 2530 184 2583 me,
192 2515 337 2586 expurgare
348 2515 400 2569 hoc
412 2514 461 2569 tibi
472 2512 576 2570 videtur
588 2513 707 2586 aequius.

92 2604 117 2668 lt
127 2619 219 2676 eadem
233 2637 322 2677 scena
335 2639 361 2676 v.
380 2621 428 2681 87.

141 2734 268 2806 moriscum
280 2736 328 2791 tibi
339 2735 417 2791 istuc.
435 2735 464 2789 at
476 2735 504 2789 di
516 2736 564 2791 tibi
575 2734 673 2792 faciant
683 2738 760 2793 bene.

92 2843 176 2905 scribe:
206 2899 209 2903 .

142 2963 270 3034 ignoscam
282 2965 329 3019 tibi
340 2962 418 3020 istuc.
436 2963 465 3020 at
477 2966 525 3021 tibi
538 2966 565 3020 di
576 2963 673 3022 faciant
684 2967 761 3023 bene.

92 3060 135 3123 Sed
151 3069 303 3147 diligenter
324 3071 359 3128 ab
381 3069 426 3127 his
447 3069 518 3128 locis
533 3070 718 3130 discernendi
738 3081 806 3130 sunt
828 3067 857 3143 ii,
873 3070 903 3128 in
924 3069 1028 3150 quibus
1049 3070 1145 3150 aliqua
1157 3069 1194 3130 sit

91 3153 245 3210 contractio:
267 3151 344 3228 quod
359 3168 435 3229 saepe
448 3151 559 3210 factum
573 3164 617 3212 est
638 3152 667 3210 in
682 3152 846 3212 nominibus
867 3152 1026 3231 benficium
1041 3164 1071 3211 et
1085 3151 1192 3231 malefi-

89 3226 153 3302 cium,
167 3244 198 3290 ut
212 3231 291 3310 apud
305 3232 476 3290 Terentium
490 3233 520 3290 in
536 3233 612 3293 Eun.
629 3237 653 3293 Ι.
668 3240 699 3306 2,
711 3240 764 3295 69.Ι
784 3258 787 3269 .

142 3350 218 3421 cupio
230 3350 333 3422 {sliquos
341 3344 432 3421 parere
444 3353 545 3409 amieos
558 3352 686 3408 beneficio
701 3370 771 3408 meo.

89 3451 140 3512 ntia
158 3455 197 3513 ibi
211 3455 346 3534 exempla
359 3455 510 3515 Bentleius
531 3456 639 3527 attulit,
654 3458 709 3516 etsi
729 3456 778 3515 ille
791 3456 880 3516 falsus
900 3457 930 3514 in
945 3476 991 3527 eo,
1016 3454 1095 3534 quod
1109 3465 1193 3532 quat-

89 3544 139 3592 tuor
159 3537 262 3596 breves
284 3535 405 3615 spondei
427 3538 493 3596 loco
515 3556 578 3596 esse
601 3538 672 3609 vult,
688 3538 708 3596 i.
722 3558 748 3598 e.
768 3540 847 3616 quod
870 3539 1060 3615 illudipsum
1080 3535 1194 3594 numeri

89 3615 181 3686 ritium,
203 3619 240 3676 de
265 3637 324 3696 quo
343 3618 500 3696 loquimur,
525 3638 585 3678 non
608 3630 691 3698 putat
711 3638 774 3678 esse
794 3619 933 3701 vitiumug
947 3615 1140 3686 At².Romani‚
1161 3627 1196 3674 ut

89 3698 144 3771 oni,
165 3698 244 3770 moli,
258 3698 372 3770 molam,
387 3700 428 3758 ita
450 3701 538 3758 etiam
552 3700 629 3772 dene,
645 3699 728 3771 male,
743 3719 801 3758 una
821 3696 1192 3779 syllabapronunciabant,

90 3780 187 3851 xtrite,
208 3791 242 3838 ut
262 3781 387 3853 videtur,
407 3781 503 3859 priore
523 3781 630 3841 vocali.
670 3782 708 3840 Ei
728 3782 771 3840 rei
791 3781 879 3841 fidem
898 3772 1104 3842 faciubt'tales
1124 3776 1192 3850 loci,

91 3861 165 3922 tbic
181 3861 278 3921 Plauti
291 3862 322 3919 in
336 3862 466 3921 Mostell.
480 3863 507 3923 .l.
522 3868 551 3933 3,
567 3868 616 3924 29.
956 3868 988 3891 '¹

136 3980 260 4054 equidem
272 3981 318 4053 pol
332 3981 413 4036 miror
423 3982 479 4036 tam
491 3992 587 4049 catam,
598 3992 653 4038 tarn
666 3981 771 4036 doctam
783 3991 820 4047 te,
831 3992 859 4036 et
871 3960 939 4071 bene
950 3954 1083 4035 eddetam.

89 4115 173 4175 aque
196 4094 341 4172 bneficium
366 4094 551 4172 pronunciari
573 4095 603 4152 in
623 4093 705 4153 istius
726 4093 805 4151 modi
825 4084 1078 4151 versibus²debet
1135 4084 1195 4145 Sed

89 4180 152 4240 mio
178 4175 218 4234 ad
240 4176 372 4235 Gr'aecoa
414 4177 463 4247 Et,
487 4177 510 4233 si
530 4196 568 4234 ne
594 4175 719 4234 Romani
744 4174 861 4254 quidem
882 4192 935 4250 pro
960 4171 1074 4230 duobus
1096 4167 1198 4226 iambis

89 4259 220 4339 rctylum
241 4268 330 4335 atque
344 4269 520 4335 anapaestum
541 4256 730 4328 admiserunt,
751 4268 833 4314 tanto
854 4253 945 4332 magis
959 4273 977 4312 a
990 4250 1102 4312 Graecis
1115 4251 1197 4328 abju·
1284 4295 1285 4298 ι

89 4361 167 4404 care
179 4340 258 4399 hanc
266 4339 486 4419 perversitatem
497 4338 675 4403 debebimus.
707 4338 801 4417 quue
811 4347 877 4416 post
888 4335 1054 4396 Dawesium
1064 4333 1199 4393 fecerunt
