2694 4866
502 297 583 360 LIB.
602 296 643 357 11.
666 294 759 357 CAP.
779 291 849 356 XX.

181 471 270 560 fricare
277 480 365 534 tenet3
384 467 531 541 improbust
542 466 749 539 cumimprobis;
765 463 893 538 hirpagat

184 543 296 626 ΜΝ)
343 612 385 667 em
431 551 610 668 ea‘thominem
623 609 680 666 iste
689 608 824 673 convenit,
938 560 943 569 ι

254 684 347 756 pectus
409 683 508 755 isapit.

221 755 354 811 muhssit
400 756 452 810 ula.

219 827 305 882 matus
317 827 352 882 ait
362 825 448 881 maiia.

222 899 376 970 ntloumque
383 896 426 952 res

222 970 266 1035 ait,
285 971 324 1023 ita
335 968 453 1023 animum
465 964 571 1022 habeat.

146 1048 182 1095 ao
225 1040 274 1095 sed
285 1041 360 1095 lubet
371 1041 449 1104 scire,
464 1050 592 1111 quantum
603 1037 661 1092 aiui
671 1036 752 1092 herus
763 1033 813 1091 sibi

224 1112 349 1183 dempsit,
358 1120 394 1165 et
405 1110 470 1182 quid
477 1127 528 1165 suo
539 1108 655 1164 reddidit
665 1109 743 1181 patri.

223 1185 246 1237 ai
258 1182 325 1254 iurgi
336 1191 387 1248 eat,
404 1181 547 1241 Hiatulem
559 1179 622 1235 fecit
634 1197 668 1235 ex
680 1190 767 1250 patrer

223 1253 361 1309 decumam
372 1263 476 1324 partem
487 1253 512 1306 ei
524 1251 607 1318 dedit,
618 1251 667 1305 sibi
675 1266 771 1305 novem
780 1245 898 1304 abstulit.
939 1306 946 1319 ‚

184 1374 188 1382 .
224 1325 272 1380 ted
284 1341 362 1396 quem
374 1340 475 1396 quaero,
490 1323 601 1394 optume
613 1339 677 1378 ecce
687 1320 791 1376 dhriam
802 1317 866 1374 mihi
877 1326 929 1374 est.

118 1424 168 1487 Ex
197 1426 243 1487 his
264 1448 292 1488 v.
332 1433 461 1494 17-19.
503 1426 614 1488 Cretici
643 1423 809 1486 catalectici
828 1433 908 1495 suut,
936 1442 964 1491 v,
989 1427 1130 1501 26-29,
1148 1432 1230 1484 auten

117 1508 276 1571 Bacchiaci
289 1509 463 1572 catalectici.
820 1540 824 1549 =
1244 1506 1251 1531 '

159 1594 210 1653 23.
230 1591 368 1671 Denique
381 1602 427 1651 est
440 1589 537 1662 etiam,
558 1588 609 1648 ubi
623 1588 734 1650 Cretici
748 1607 816 1647 cum
830 1585 1032 1650 choriambicis
1045 1598 1076 1649 et
1096 1583 1230 1667 dactylicis

118 1672 250 1732 versrltua
263 1678 486 1754 conjungantur.
529 1671 577 1731 Ita
590 1671 620 1729 in
636 1670 714 1731 Rud.
728 1670 782 1730 1v.
796 1677 825 1741 3,
842 1676 890 1732 rt.
903 1668 1113 1750 antistrophica
1121 1680 1195 1740 aunt,
1205 1675 1230 1726 ut

117 1752 244 1826 videtur,
259 1774 304 1834 ¹en
317 1754 460 1815 versiculo
469 1754 529 1834 'isto
543 1752 693 1813 trochaico
716 1751 965 1832 hypercatalecto,
986 1762 1017 1811 et
1035 1768 1133 1827 tenu,
1155 1749 1231 1831 quia

119 1833 289 1896 choriambo
302 1855 337 1896 ac
352 1836 476 1897 dimetro
490 1835 610 1898 Cretico
624 1833 796 1895 catalectico
809 1835 988 1917 compositus
1000 1842 1063 1894 esta
1166 1854 1169 1858 ·

226 1954 248 2008 si
260 1953 339 2009 fidem
352 1955 433 2010 modo

191 2023 240 2080 dts
251 2024 325 2092 mihi,
341 2036 369 2080 te
377 2027 431 2081 ndu
443 2023 501 2083 sore
509 2022 624 2080 infidum

226 2096 261 2151 dd
272 2097 351 2151 iidem
364 2097 421 2163 tibi,

188 2164 262 2222 fidus
274 2185 330 2234 ero,
347 2168 464 2244 quiaquia
475 2187 513 2225 ea.
525 2167 596 2223 ahdi.

120 2269 192 2332 Non
212 2272 453 2354 antistrophicum
477 2273 624 2334 canticum
641 2271 672 2330 in
696 2270 889 2335 Menaechmis
908 2280 953 2331 eat
973 2270 998 2331 Ι.
1013 2274 1044 2344 2,
1060 2273 1091 2333 1.
1102 2269 1153 2330 sed
1164 2265 1232 2328 valde
1269 2324 1273 2331 .

123 2366 305 2434 corruptum.
346 2354 422 2414 Vide
445 2375 484 2419 an
507 2354 609 2435 ejectis
630 2352 732 2432 paucis
744 2352 875 2427 vocibus,
895 2371 965 2437 quas
977 2344 1233 2439 ahtoterpreteso}
1269 2344 1273 2381 ¹

119 2437 214 2513 jactas
233 2455 297 2495 esse
317 2436 443 2516 suspicio
456 2447 513 2510 eat,
535 2445 565 2496 et
585 2435 685 2496 addito
698 2434 729 2493 in
741 2434 873 2496 secundo
885 2452 972 2509 ‚versu
984 2435 1062 2514 dam,
1082 2433 1126 2519 ita
1136 2429 1233 2495 settim
1266 2488 1267 2494 ,

122 2516 224 2594 possit:
644 2535 645 2538 ’
1046 2523 1049 2532 “
1098 2538 1101 2542 ’

198 2634 236 2689 Ni
247 2634 325 2700 mala,
342 2633 371 2688 ni
383 2635 465 2690 sthlta
476 2633 536 2701 sies,
553 2632 580 2688 ni
592 2632 731 2702 indomita,
747 2634 883 2707 imparque
893 2632 983 2701 saint,

231 2707 304 2778 qudd
313 2705 370 2762 viro
379 2707 442 2762 odiri
451 2707 534 2772 vides,
550 2707 609 2762 trite
620 2705 684 2761 item
696 2704 745 2761 tihi
755 2706 861 2763 habeas.

230 2777 387 2850 praeterhac
399 2779 422 2833 si
433 2777 497 2832 mihi
509 2777 564 2832 tsile
575 2787 637 2848 post
648 2777 720 2832 hiano
732 2776 802 2833 diem

231 2848 309 2915 fixis,
326 2847 388 2903 faxo
398 2848 463 2904 foria
475 2849 554 2904 vidua
566 2849 634 2905 visas
647 2857 758 2920 patrem.

195 2919 258 2974 naim
270 2919 392 2990 quotiens
404 2922 443 2975 ire
454 2921 526 2986 volo,

265 3008 308 3044 me
318 2990 427 3057 ritines,
443 3009 561 3059 revocas,
577 2989 683 3062 rdgitas‚

195 3060 248 3130 qud
260 3079 309 3130 ego
322 3078 389 3126 eam,
407 3062 483 3131 quam
497 3080 551 3116 reru
564 3081 648 3132 agam,
659 3061 723 3133 quid
735 3061 824 3132 negoti
835 3077 934 3134 gerara,

196 3131 260 3202 quid
272 3142 370 3201 petam,
386 3133 450 3202 quid
462 3133 553 3197 feram,
571 3134 634 3205 quid
647 3132 710 3187 ioris
721 3131 828 3203 dgerirn.

195 3202 350 3273 portitorem
363 3205 472 3258 domum
481 3206 554 3272 duxi,
571 3205 609 3260 ita
620 3203 726 3258 omnem
738 3203 803 3258 mihi

95 3276 98 3283 '
195 3273 252 3327 re'm
264 3292 372 3331 necesse
384 3274 482 3349 eloqui,
499 3275 627 3349 quidquid
638 3275 677 3346 egi
690 3274 770 3347 aitque
782 3292 840 3346 ago.

573 3553 693 3630 CAP.
720 3551 809 3627 XX.

418 3769 469 3819 DE
494 3767 655 3817 NUMERO
671 3761 955 3819 ANTISPnsTIco.

168 3932 196 3985 1.
216 3929 418 4002 Grammatici,
438 3929 562 4008 dipodiia
574 3930 729 4009 plerosque
742 3945 842 3989 versus
851 3922 947 3985 metiri
957 3923 1045 4000 soliti,
1066 3943 1240 4009 quumqncs·

126 4005 193 4067 dam
208 4028 317 4080 versus,
338 4013 363 4072 si
376 4012 431 4071 isto
446 4011 534 4070 modo
549 4009 757 4082 dividerentur,
777 4007 824 4068 vel
841 4007 873 4084 in
894 4005 1029 4068 omnibus
1048 4006 1182 4089 dipodiis‚
1203 4000 1242 4067 tri

124 4100 205 4149 certe
219 4090 249 4148 in
263 4093 356 4172 prima
368 4093 557 4172 antispastum
571 4092 679 4152 habere
699 4091 974 4161 animadverterent,
993 4109 1048 4150 eos
1060 4110 1160 4157 versus
1179 4086 1243 4151 ant·

123 4170 264 4247 apasticos
277 4186 447 4246 vocarunt„
470 4173 530 4234 Sed
550 4173 626 4232 hanc
649 4191 785 4231 versuum
809 4172 1023 4233 metiendorum
1046 4173 1189 4234 rationem
1208 4169 1246 4231 iu

88 4272 91 4277 ¹
125 4262 240 4311 tantum
254 4274 352 4316 veram
365 4277 428 4318 esse
447 4255 629 4333 intelligitur,
649 4253 674 4314 si
687 4252 826 4314 numerus
846 4254 950 4314 eadem
962 4253 1103 4315 constitui
1123 4254 1255 4315 menno·

117 4334 230 4414 jubeat.
272 4336 348 4399 Nam
361 4339 385 4400 ai
399 4339 463 4400 aliae
476 4348 544 4400 aunt
557 4349 664 4419 partes,
687 4355 758 4417 quaa
771 4354 911 4399 numerus
922 4335 987 4400 lieri
1003 4335 1102 4420 jubet,
1121 4330 1246 4418 nepum

675 4463 689 4508 1
