2694 4866
70 328 72 332 ,
155 254 236 317 arn.
250 252 308 315 111.
322 252 529 317 csruvn.
550 252 608 321 na
624 220 972 318 sanorumaton.
1087 259 1149 321 sss

12 468 16 483 .
56 428 111 488 28.
131 424 240 504 Ingens
266 423 431 483 coacervari
453 434 552 503 posset
577 423 769 502 stropharum,
795 442 861 502 quae
884 422 976 483 veteri
999 440 1079 482 more
1101 442 1142 483 ex

16 506 271 588 paucisversihus
291 505 457 583 compositae
477 517 555 577 sunt,
579 522 734 566 numerus:
754 504 807 564 sed
829 504 898 564 satis
922 523 985 563 esse
1009 505 1141 574 arbitror,

17 587 134 665 aliquot
148 587 178 644 in
191 584 488 663 exemplisrationem
509 605 608 646 earum
627 596 816 664 naturamque
836 596 1019 644 monstrasse.
1062 586 1141 644 Prae-

16 679 105 729 terea
117 667 227 745 aliquot
241 667 304 733 aliae
313 671 373 745 jam
387 666 416 723 in
430 667 559 727 secundo
572 667 657 737 libro,
675 667 724 725 ubi
745 685 791 725 res
811 666 852 724 ita
871 666 992 739 ferebat,
1015 685 1144 726 comme.

12 760 144 811 morata
157 758 234 807 sunt.
276 750 371 808 Unam
395 744 528 823 adjiciam
543 747 678 825 Gregorii
694 747 879 817 Nazianzeni,
904 765 942 806 ne
965 748 1144 806 recentiores

15 830 111 911 plane
123 828 293 907 praeteriisse
306 828 415 899 videar,
428 828 459 886 in
472 847 561 888 carm.
573 827 738 890 iantthi.
752 848 781 909 p.
791 832 861 891 224.
903 828 948 888 Ea
957 847 995 886 ex
1006 840 1143 907 quattuor

16 912 105 971 facte
117 921 162 971 est
175 909 303 969 versibus
317 908 455 968 iambicis.
647 905 650 914 '

99 1044 198 1126 ’Ὅριον
212 1049 241 1104 τί
250 1051 330 1126 χεῒςον
338 1076 346 1114 5
375 1043 446 1112 sidit,
462 1045 492 1111 ὃς
504 1045 587 1122 ‘eripis
600 1043 684 1118 λᾶγος.

147 1130 199 1192 areis
213 1126 280 1186 αὖτ’
295 1126 413 1202 ibimus,
428 1125 484 1184 sini
494 1151 547 1203 μοι.

106 1207 165 1266 λίαν
174 1204 303 1288 arguitione
316 1212 361 1266 sal
375 1205 540 1280 σιφιπότοις
551 1205 645 1279 λα’γοις.
709 1272 712 1281 ⁴

147 1289 220 1356 τίσιν,
234 1284 340 1359 diderint.
697 1294 702 1298 ’

17 1401 96 1463 Νοη
111 1412 170 1460 erat
186 1401 414 1479 praetereundem
428 1402 573 1480 singulare
587 1419 688 1480 genus,
703 1418 761 1479 quo
776 1400 900 1462 Alcman
914 1421 981 1462 usus
996 1413 1050 1474 est,
1064 1402 1144 1482 quod

15 1503 86 1543 non
99 1482 197 1560 inepte
211 1481 381 1564 baalmeon
395 1483 592 1562 appellaveris.
634 1481 671 1542 Id
684 1481 802 1541 dimidia
821 1495 903 1562 parte
923 1485 1054 1563 strophas
1074 1485 1145 1544 alias

17 1563 162 1628 habebat,
177 1563 218 1622 ita
231 1574 263 1622 ut
277 1563 357 1641 quasi
371 1582 407 1621 ex
423 1565 536 1622 dnobus
549 1562 722 1622 carminibus
743 1564 982 1643 monostrophicis
1003 1566 1145 1644 composi·

18 1657 90 1719 tum
111 1655 196 1703 esset.
238 1643 407 1722 Hephaestio
426 1665 457 1722 p.
476 1648 525 1708 74.
548 1643 641 1725 (134)
663 1643 762 1726 ἰ’γμψι
781 1650 834 1727 orig
855 1648 935 1712 ἰιιῖης
962 1644 1146 1729 iuurrrrdgns

19 1729 140 1807 πςοφῖι
153 1723 271 1806 ᾄσματα·
285 1724 317 1785 sir
331 1731 359 1786 ‘ri
370 1727 414 1803 pb
427 1724 515 1806 ἥμισυ,
529 1735 574 1788 τοῦ
587 1730 666 1788 αὐτοῦ
682 1725 774 1808 pirgos
795 1727 898 1792 ἐποίησιν
916 1729 1097 1809 intingatur,
1118 1733 1146 1787 ri

10 1806 47 1870 -ἶῖ
58 1806 152 1886 ἥμισυ,
166 1806 254 1888 Erigon.

450 2079 565 2156 CAP.
592 2076 721 2156 XVII.

268 2346 271 2351 ,
336 2306 389 2356 DE
414 2307 591 2358 susorum
616 2305 839 2359 MAJORIBUS.

68 2474 99 2530 1.
116 2468 300 2529 urrunnun
313 2470 373 2546 jam
384 2479 431 2528 est
444 2468 481 2528 de
501 2469 625 2548 atrophia
646 2469 811 2548 majoribus,
833 2466 932 2547 quales
953 2467 1145 2544 Stesichorus,

15 2550 182 2621 Pindarus,
213 2550 384 2620 Simonides,
409 2550 512 2628 tragici
538 2551 684 2611 fecerunt.
726 2551 762 2608 In
790 2568 910 2628 quarum
938 2551 1148 2629 compositione

13 2631 186 2714 aperienda
199 2631 328 2701 multam,
342 2631 403 2700 sed,
426 2642 458 2689 ut
478 2631 548 2688 mihi
566 2631 683 2709 quidem
704 2631 828 2702 videtur,
849 2648 949 2709 parum
968 2631 1150 2692 fructuosam

13 2731 148 2794 operam
167 2712 343 2791 consumpsit
357 2712 531 2772 Boeclrhius.
572 2712 631 2777 uui
651 2713 705 2771 etsi
725 2722 806 2770 recte
830 2712 1044 2785 observat,·has
1070 2724 1145 2772 stro-

11 2795 102 2877 phas
126 2793 296 2872 plerumque
319 2811 357 2852 ex
381 2793 509 2872 pluribus
530 2793 656 2851 numeris
669 2812 727 2852 una
740 2790 933 2872 perpetuitate
943 2793 1053 2870 junctis
1067 2812 1147 2852 com·

12 2874 109 2957 poni,
134 2885 241 2942 umen,
268 2893 332 2952 quae
356 2874 393 2932 de
416 2874 472 2933 hac
494 2874 554 2953 ipsa
576 2872 710 2933 ordinum
731 2873 937 2954 conjunctione
957 2874 1038 2934 novis
1057 2876 1147 2934 etiam

10 2954 195 3018 nominibus
216 2954 338 3013 inventis
360 2955 497 3033 disputat,
519 2974 622 3015 vereor
645 2974 682 3014 ne
706 2974 764 3014 non
787 2953 910 3013 multum
934 2966 984 3014 aut
1001 2954 1077 3014 lucis
1096 2969 1153 3016 aut·

11 3035 163 3099 utilitatis
176 3035 297 3094 allatura
309 3036 376 3095 sint.
418 3038 493 3096 Nam
507 3048 540 3095 ut
553 3037 693 3115 tantisper
706 3037 733 3095 ei
747 3035 952 3106 concedamus,
968 3037 998 3094 in
1018 3037 1149 3115 perfecta

12 3116 240 3196 compositione
253 3127 284 3174 et
293 3116 458 3195 primarium
469 3136 630 3188 numerum,
645 3128 675 3176 et
686 3117 838 3176 exordium
851 3115 978 3194 aliquod,
990 3129 1020 3176 et
1034 3117 1149 3176 clausu.

10 3194 84 3263 lam
110 3215 178 3257 esse
204 3197 320 3269 dehere,
349 3197 418 3276 quid
441 3197 626 3271 lucrabimur,
651 3199 700 3256 ubi
724 3197 926 3267 audiverimus,
950 3216 1035 3275 posse
1058 3198 1148 3258 modo

10 3277 194 3351 exordium,
215 3278 301 3336 modo
323 3277 480 3338 clausulam
498 3280 616 3346 abesse;
635 3297 720 3356 posse
743 3291 773 3336 et
796 3277 848 3335 has
871 3288 979 3354 partes,
1001 3290 1031 3337 et
1053 3278 1148 3356 ipsum
1184 3314 1186 3323 ,

10 3377 183 3423 numerum
204 3358 371 3438 primarium
391 3379 429 3419 ex
449 3358 579 3438 pluribus
598 3359 727 3438 partibus
748 3370 897 3425 constare:
917 3378 1001 3435 posse
1021 3358 1149 3438 deniquo

11 3439 190 3507 clausulam
204 3439 288 3498 simul
302 3440 453 3501 exordium
467 3452 529 3498 esse
543 3439 615 3499 alius
635 3439 770 3498 numeri?
792 3439 866 3496 Haec
887 3439 962 3496 enim
979 3439 1032 3498 ille
1052 3440 1149 3498 omnia

10 3523 68 3587 ita
80 3538 152 3581 esse
165 3520 315 3581 contendit
328 3542 358 3601 p.
373 3526 441 3583 181.
456 3540 536 3599 seqq.
576 3523 650 3586 Quoe
663 3519 732 3577 mihi
746 3519 862 3599 quidem
883 3532 919 3578 eo
932 3520 1027 3579 redire
1047 3520 1147 3580 viden.

10 3614 88 3676 tur,
103 3613 141 3660 ut
160 3601 240 3680 leges
259 3601 315 3660 illae
335 3613 426 3660 semet
446 3602 515 3681 ipsoe
535 3600 647 3670 tollant,
668 3620 772 3680 resque
796 3599 888 3660 omnis
909 3599 1033 3680 denique
1053 3602 1150 3661 sensui

10 3681 227 3767 permittatur,
247 3683 296 3762 qui
314 3701 430 3761 quoque
453 3685 483 3740 in
504 3701 621 3761 genere,
642 3683 835 3762 quid.aptum
853 3693 885 3741 et
904 3682 1078 3741 conveniens
1101 3683 1151 3756 sit,

10 3768 130 3828 videat
154 3774 241 3841 atque
267 3765 423 3842 expendat.
462 3765 567 3844 Itaque
589 3783 651 3837 nos,
670 3763 762 3822 missis
784 3763 830 3823 his
853 3762 1069 3837 subtilitatibus,
1092 3763 1149 3824 alio

10 3845 118 3925 trodo
133 3842 172 3902 de
185 3843 285 3903 harum
300 3846 480 3924 stropharum
495 3858 599 3905 natura
610 3845 791 3905 disseremus.

64 3931 102 3987 2.
123 3926 241 3984 Etenim
254 3925 300 3984 hae
314 3930 438 4006 majores
451 3926 577 4005 strophae
591 3924 724 4005 quoniam
739 3936 790 3984 aut
809 3925 846 3983 ad
866 3923 1021 4002 graviores,
1041 3937 1092 3985 aut
1112 3928 1151 3988 ad

10 4005 264 4071 vehementiores
277 4007 363 4067 animi
381 4018 476 4066 motus
496 4007 698 4085 exprimendos
718 4005 900 4078 adhibentur,
921 4024 1011 4083 quum
1030 4008 1151 4068 omnino
1177 4000 1180 4005 ’

10 4082 178 4168 longiores
193 4097 222 4146 et
235 4106 272 4146 ox
285 4088 415 4167 partibus
427 4088 606 4166 longioribus
619 4107 681 4146 esse
695 4086 812 4157 debent,
826 4093 889 4146 tur'n
899 4104 1034 4146 numeros
1043 4087 1152 4150 habere

10 4169 136 4315 ffirtim
150 4168 312 4247 granditate
326 4187 440 4228 severos
454 4180 541 4248 atque
555 4169 733 4246 magnificos,
747 4167 851 4247 partim
865 4169 1005 4227 varietate
1024 4168 1151 4248 inaequa·

45 4252 110 4331 'es-
128 4260 162 4328 et
187 4249 312 4340 rapidos.
352 4249 509 4321 Granditas
536 4249 623 4330 enim,
647 4249 790 4318 extollens
816 4248 952 4325 onmium,
979 4250 1159 4347 gravitatem>²
