2694 4866
298 224 426 316 arar.
441 252 535 316 cnr.
550 253 608 316 111.
623 253 682 315 oa
702 254 948 320 oammaus.
1171 260 1191 322 ⁷
1242 265 1245 272 ·

96 429 129 487 9.
150 419 228 482 Illud
241 424 365 502 tempus,
380 423 410 482 in
431 444 490 504 quo
510 424 587 485 ictus
607 436 661 497 est,
684 426 723 486 tt.
744 427 894 487 Bentleius
918 441 1031 497 nnsis,
1051 435 1184 505 tempora

48 515 156 565 autem
178 523 223 577 ea,
244 524 311 585 quae
331 518 432 566 carent
453 507 525 581 ictu,
546 525 667 566 rnasru
688 509 814 581 vocavit,
835 509 958 568 ducibus
979 508 1129 566 Prisciano
1152 528 1183 586 p.

53 591 150 648 1289.
163 602 194 646 et
208 587 357 646 Martiano
372 586 492 668 Capella
505 610 533 667 p.
557 594 625 650 191.
638 588 685 648 ed.
700 590 840 650 Meibom.
854 592 904 669 qui
924 591 961 648 ab
976 588 1138 648 elevatione
1151 600 1183 648 et

50 667 225 728 remissione
238 669 319 728 vocis
332 670 395 729 haec
409 669 527 729 nomina
537 671 627 729 ducta
636 671 748 731 deant.
789 673 895 731 Ceteri
909 671 1011 729 musici
1025 683 1056 730 ει
1070 669 1185 730 metrici

52 761 184 824 veteres,
207 768 225 811 a
244 751 426 830 depositione
439 762 529 830 atque
549 753 710 812 elevatione
730 751 812 832 pedis
821 746 871 811 -vel
892 771 994 810 manus
1017 770 1053 810 ea
1067 753 1185 811 nomina

52 830 233 906 derivantes,
250 843 365 911 tempus
379 833 439 893 ictu
460 842 592 892 notatum
613 834 718 904 thesin,
733 834 904 893 destitutum
919 834 980 893 ictu
994 833 1071 891 arsin
1085 833 1185 894 vocari

52 912 224 990 voluerunt,
238 915 482 994 quam-rationem
496 915 544 974 ille
564 916 626 994 ipse
648 916 812 975 Martianus
833 916 953 994 Capella
966 916 1106 994 sequitur,
1121 914 1183 994 qui,

52 1005 92 1054 ut
104 992 218 1054 dictum
232 1006 287 1066 ast,
298 994 470 1056 delinitione
483 996 533 1056 illa
542 1016 596 1055 suo
605 997 781 1056 contrarium
793 996 873 1056 dicit.
896 997 955 1056 Sed
967 995 1084 1054 omnino
1094 996 1184 1055 aliurn

52 1076 120 1136 istae
128 1076 337 1156 appellationes
346 1097 432 1137 usum
441 1078 520 1158 apud
531 1078 655 1137 musicos
667 1091 696 1137 ει
707 1078 886 1158 rhythmicos
896 1079 1030 1138 ridentur
1038 1077 1184 1150 habuisse,

53 1176 147 1236 quam
170 1157 220 1236 qui
245 1176 313 1217 cum
336 1159 471 1222 doctrina
493 1178 682 1220 numerorum
704 1179 722 1219 a
741 1160 859 1219 musicis
879 1159 1038 1220 rationibus
1051 1163 1184 1239 sejuncta

54 1237 209 1299 conciliari
228 1239 329 1319 possit.
370 1242 460 1303 Certe
480 1241 521 1300 illi
541 1241 656 1320 saepius,
677 1242 753 1321 pede
767 1261 883 1320 quoque
898 1243 927 1298 in
941 1241 1014 1301 duas
1028 1253 1125 1319 partes
1139 1239 1183 1298 di·

52 1318 125 1389 visa,
141 1332 233 1380 totam
243 1333 355 1400 partem
370 1323 490 1395 eam,-in
505 1342 563 1402 qua
576 1324 651 1382 ictus
665 1338 719 1394 εει,
734 1322 829 1382 thesin
843 1323 1004 1395 nominant,
1018 1323 1133 1381 etiamsi
1146 1340 1182 1381 ea

52 1420 125 1480 pars
139 1412 255 1483 tempus
268 1403 387 1482 aliquod
399 1405 612 1484 complectatur
624 1405 796 1464 destitutum
817 1406 889 1463 ictu.
931 1404 1127 1484 Similiterque
1139 1404 1184 1463 fa-

54 1483 142 1543 ciunt
154 1484 183 1542 in
197 1483 264 1544 arsi.
304 1487 403 1553 Quare
417 1487 569 1547 maluimus
584 1505 667 1544 usum
682 1506 700 1545 a
714 1486 848 1545 Bentleio
861 1487 1016 1564 probatum
1029 1504 1154 1544 servare.

100 1571 150 1628 10.
163 1566 267 1625 Ροιεει
281 1577 379 1634 autem
394 1567 480 1641 iotus,
495 1587 554 1646 quo
574 1568 631 1627 vim
646 1567 763 1627 aliunde
776 1567 977 1639 accedentem,
991 1567 1117 1646 ideoque
1130 1567 1182 1626 ab.

53 1647 181 1788 sqlptam
194 1647 317 1709 indicari
329 1649 509 1724 ostendimus
527 1649 566 1720 ad
586 1649 690 1710 seriem
704 1661 867 1730 temporum
878 1651 939 1728 jam
953 1650 1119 1710 inchoatam
1132 1667 1182 1710 ac·

58 1746 75 1786 c
113 1748 174 1802 ere,
188 1740 222 1790 ut

128 1842 231 1910 udo·

61 1986 144 2051 Quod
158 2006 249 2066 quum
263 1986 306 2057 fit,
320 1999 455 2068 apertum
470 2002 525 2062 est,
546 2009 612 2070 quae
632 1990 700 2050 inde
713 1991 751 2051 ab
761 1991 823 2052 ictu
842 2000 910 2052 sunt
930 1999 1071 2069 tempora,
1091 1989 1120 2049 vi
1134 2007 1180 2062 ea,

10 2084 13 2149 Ἰ
65 2069 140 2146 cujus
152 2067 292 2128 iodicium
307 2083 352 2134 est
361 2071 447 2144 ictus,
456 2072 659 2143 ‚determinare
679 2092 744 2152 quoe
752 2085 849 2134 autem
860 2084 929 2131 aute
939 2071 1030 2130 ictum
1044 2083 1090 2130 est
1104 2090 1184 2150 pars,

10 2162 15 2204 ,·
68 2149 194 2224 quoniam
208 2150 246 2209 ab
260 2149 323 2210 ictu
336 2171 394 2210 uon
408 2164 506 2231 potest
519 2153 711 2213 determinata
725 2173 798 2226 esse,
806 2162 919 2232 partem
932 2171 996 2210 esse
1011 2152 1114 2211 infiniti
1128 2171 1181 2211 cu·

10 2237 18 2251 “
69 2230 179 2309 lespiam
193 2231 318 2292 numeri.
359 2233 434 2293 -Ea'm
447 2245 571 2313 partem,
587 2235 759 2313 quianeque
768 2239 838 2294 arsis
846 2245 899 2302 est,
912 2243 945 2291 ut
959 2233 1020 2291 ictu
1028 2232 1179 2305 destituta,

13 2354 20 2365 .
70 2316 152 2390 neque
165 2312 268 2386 thesis,
281 2325 317 2372 ut
327 2333 386 2373 aon
400 2334 439 2375 ex
448 2335 483 2375 ea
492 2317 534 2388 ri,
542 2334 632 2395 quam
646 2317 756 2376 indicat
769 2314 855 2386 ictus,
870 2315 1010 2395 pendens,
1025 2314 1179 2374 anacrusin

10 2368 22 2410 ⁰
71 2406 204 2467 vocamus,
217 2404 373 2474 propterea
386 2396 466 2476 quod
480 2399 562 2477 quasi
572 2397 749 2458 introductio
758 2397 889 2478 quaedam
904 2408 948 2456 est
963 2397 999 2454 ad
1014 2416 1179 2468 numerum,

72 2486 144 2565 quem
162 2475 271 2551 deiude
292 2475 369 2536 ictus
385 2478 516 2540 orditur.
557 2481 717 2539 Anacrusis
738 2492 836 2539 autem
864 2479 919 2538 etsi
942 2478 1182 2538 animadvertitur

74 2567 158 2628 Pruna,
171 2568 280 2627 tamen,
294 2572 328 2619 ut
339 2559 393 2618 -vel
413 2579 514 2619 sensus
538 2580 683 2640 quemque
703 2561 802 2634 docet,
823 2580 881 2620 non
896 2570 941 2620 est
955 2560 1069 2619 initium
1082 2559 1177 2630 seriei,

75 2633 198 2715 talpam,
222 2658 309 2718 quam
328 2658 401 2719 quae
417 2661 577 2721 praegressa
597 2653 675 2715 sunt,
696 2640 812 2722 quia'in
826 2641 1104 2701 animadversionem
1117 2659 1178 2711 non

44 2724 48 2737 ¹
76 2715 177 2792 codrior,¹
190 2720 372 2798 precessisse
391 2734 553 2787 sumuntur.
575 2724 689 2784 Similes
703 2725 732 2781 in
745 2725 846 2804 figuris
860 2736 927 2783 sunt
941 2742 994 2795 εει,
1008 2742 1073 2801 quae
1086 2740 1177 2801 quum

76 2797 183 2859 aedom
197 2801 334 2874 habeant,
348 2802 378 2861 in
400 2804 551 2886 utriusque
570 2806 668 2866 lateris
689 2818 823 2867 extremo
848 2824 906 2864 non
920 2815 989 2863 sunt
1002 2797 1107 2862 linibus
1121 2803 1177 2862 cir·

10 2876 22 2961 l
78 2882 255 2966 morimaet
274 2902 397 2962 quarum
411 2887 569 2966 descriptio
582 2888 636 2947 etsi
650 2906 668 2946 a
681 2888 778 2947 medio
792 2887 947 2965 utrobique
960 2903 1043 2964 aequa
1057 2902 1178 2964 propor-

10 2969 23 2991 ¹·
77 2964 139 3045 tione
146 2964 340 3044 progreditur,
354 2977 453 3026 tamen
466 2970 603 3048 quoniam
617 2968 733 3043 desinit,
753 2969 920 3049 priusquam
934 2967 1072 3037 conclusa
1084 2966 1132 3038 sit,
1147 2964 1178 3024 in

10 3034 20 3074 ³
76 3037 197 3106 minitant
209 3044 450 3128 proferripotest.
470 3045 474 3056 '

502 3170 623 3278 cnr.
651 3202 726 3276 111.

461 3361 513 3411 DE
547 3362 764 3412 ORDINIBUS.

106 3467 127 3522 l.
140 3465 304 3530 Numanus
322 3483 374 3529 aut
387 3469 516 3532 infinitus
530 3484 585 3544 est,
600 3472 714 3552 qualem
735 3488 822 3550 supra
835 3470 962 3529 diximus
975 3467 1104 3528 omnium
1117 3464 1176 3544 pri-

10 3551 15 3587 Ι
72 3556 136 3603 mam
158 3550 342 3630 maximeque
366 3551 526 3631 simplicem
549 3573 701 3613 numerum
726 3573 799 3623 esse,
822 3552 851 3609 in
872 3572 931 3629 quo
945 3553 1080 3628 quoniam
1100 3548 1177 3605 ictus

10 3651 15 3661 *
72 3628 233 3707 conspicitur
246 3632 353 3704 nullus,
367 3652 427 3693 non
441 3634 530 3694 habet
543 3635 591 3695 ille
605 3635 733 3696 initium:
754 3633 847 3712 qualis
860 3650 997 3691 numerus
1011 3632 1039 3690 in
1055 3628 1175 3696 artibus,

70 3721 122 3780 que
133 3713 260 3776 numeris
273 3724 405 3786 utuntur,
419 3715 531 3775 nullum
544 3716 633 3775 habet
654 3736 748 3784 usum,
767 3714 836 3792 quia
848 3713 987 3772 varietate
1007 3722 1105 3781 caret;
1125 3717 1177 3785 aut

68 3783 154 3850 finitus
178 3805 233 3866 est,
247 3794 348 3874 qualis
372 3807 427 3869 est,
450 3799 500 3876 qui
519 3797 621 3869 ictum,
646 3817 739 3875 eoque
760 3808 790 3856 et
805 3795 918 3854 initium
932 3805 962 3855 et
976 3794 1063 3854 linem
1077 3791 1175 3852 habet.

68 3864 399 3949 Hujusmodinumerum
415 3896 567 3938 onnruarr
582 3898 728 3938 vocamus.

98 3956 370 4023 consternantem
385 3958 516 4021 ordinem
530 3960 673 4040 producat
696 3960 739 4020 vis
758 3979 803 4030 ea,
818 3962 902 4038 cujus
916 3957 1054 4017 indicium
1068 3966 1114 4017 est
1132 3957 1175 4016 ic·

64 4040 111 4106 tus,
126 4056 226 4114 qaum,
241 4051 275 4098 ut
287 4058 375 4119 supra
387 4040 498 4101 dictum
513 4054 567 4115 est,
581 4061 640 4102 non
648 4042 739 4121 possit
752 4041 806 4100 nisi
820 4060 858 4101 ex
873 4040 989 4111 effectu,
1003 4038 1023 4098 i.
1037 4059 1064 4100 e.
1074 4058 1113 4099 ex
1126 4057 1174 4098 or·

62 4111 121 4173 dine
133 4120 196 4196 ipso
207 4122 363 4199 cognosci:
384 4122 540 4186 videndum
555 4136 610 4195 est,
624 4137 696 4203 quot
709 4125 827 4183 omnino
841 4121 963 4199 cogitari
982 4121 1083 4180 formae
1096 4120 1175 4179 ordi·

61 4212 121 4254 uum
145 4201 266 4278 possint.
309 4204 384 4264 Sunt
407 4217 505 4265 autem
527 4205 642 4265 ordines
663 4218 713 4264 aut
733 4223 911 4275 armeurcrs,
935 4203 985 4282 qui
1010 4223 1098 4263 unum
1120 4201 1173 4261 ha-

55 4274 121 4420 ιιεεῐι
133 4280 237 4345 ictum.
277 4284 320 4345 Hi
334 4297 385 4347 aut
398 4285 429 4346 in
453 4307 490 4348 eo
512 4288 576 4366 ipso
597 4299 739 4367 tempore,
759 4287 790 4346 in
810 4305 868 4368 quo
891 4295 936 4345 εει
956 4285 1042 4360 ἱειυε,
1064 4281 1173 4350 consa·

66 4377 100 4418 un
112 4404 123 4434 ‚
137 4374 172 4422 ut

131 4478 144 4502 ιΙ

123 4513 163 4555 νε
