2694 4866
368 263 426 322 DF.
448 259 657 325 VERSIBUS
678 261 954 327 BACCHIACIS.
1170 277 1227 337 189
1280 214 1299 281 1'

171 432 285 490 lavindo
296 443 324 489 et
332 431 452 488 fricindo
464 433 558 488 scimirs
569 433 656 489 facere
666 432 760 489 finem.

146 523 205 560 nam
234 504 286 558 uae
296 505 383 559 lavata
394 516 444 570 est,
461 505 512 560 nisi
523 505 643 575 perculta
654 522 686 560 ea
698 503 747 570 est,
763 523 824 559 meo
837 505 942 577 quidem
954 503 1044 561 inimo

145 525 301 649 quasinitea
313 585 363 630 est.
396 576 459 631 AN.
470 574 707 648 mirum'equidem,
725 593 807 642 soror,
825 576 1119 648 teistaecsiefabultiri,

111 653 138 703 2⁵
169 666 228 719 quae
239 647 294 701 raim
307 646 403 701 callida
416 645 444 701 et
455 646 535 702 docta
547 648 581 702 sis
593 659 620 702 et
631 646 726 703 faceta

166 717 781 860 titillltlllttlll{stillim⁵⁹

166 860 232 915 An.
243 861 281 915 ita
293 859 343 916 est:
363 876 455 915 verum
466 860 519 915 hoc
528 862 609 915 tinum
620 859 710 916 tamen
722 858 854 930 eogittitot

144 933 238 987 modus
248 931 465 998 omnibusrebirs,
483 949 566 997 soror,
583 931 717 1002 negotium
728 942 868 1001 optumum
877 930 969 989 habitu
976 943 1031 989 est=

107 1012 136 1059 30
146 1003 226 1057 nimia
237 1002 327 1057 omnia
337 1002 445 1057 nimium
458 1003 585 1061 exhibent
595 1003 686 1073 negdti
696 1002 845 1057 hominibus
857 1001 891 1058 ex
904 1021 942 1059 se.

167 1074 231 1128 AN.
244 1075 327 1138 soror,
344 1074 439 1144 cogita,
456 1073 560 1140 amtbo,
569 1072 658 1128 -item
669 1091 719 1129 nos
731 1072 873 1144 perhiberi,

166 1144 766 1286 ttillltllltittiltllttm’

144 1286 146 1291 '
164 1286 216 1340 nisi
228 1287 251 1341 si
262 1286 346 1341 multa
356 1305 424 1359 aqua
437 1289 519 1359 lisque
530 1296 559 1342 et
570 1287 617 1342 dit
625 1284 799 1353 macerentur,

101 1366 133 1412 85
167 1357 251 1421 olent,
269 1368 377 1429 tangere
388 1359 419 1412 nt
430 1376 485 1412 non
496 1358 563 1413 velis
581 1397 588 1412 .
607 1397 615 1412 .
632 1391 666 1413 ..

163 1428 229 1482 item
242 1446 292 1483 nos
300 1447 405 1484 sumus:
424 1430 481 1484 eius
493 1429 599 1484 seminis
610 1427 734 1484 mulieres
746 1438 817 1494 sunt,

164 1498 272 1554 insulsae
283 1501 425 1554 admodum
437 1500 517 1571 aitque
528 1498 696 1555 invenistat'e
714 1538 723 1554 .
757 1537 766 1556 .

165 1570 223 1624 sine
234 1571 364 1624 munditia
375 1582 403 1624 et
415 1581 529 1641 sumptu.

163 1641 219 1698 Ml.
230 1659 315 1712 coque
327 1641 369 1696 est
380 1642 437 1695 haee
449 1642 563 1713 quidem,
572 1640 775 1712 A'gorastoeles,
793 1651 824 1695 ut
836 1658 885 1712 ego
897 1640 1005 1714 opinor:

98 1721 131 1765 40
164 1712 213 1767 seit
224 1712 362 1767 muriatica
373 1714 403 1767 (ιι
412 1712 535 1768 maceret.
569 1713 632 1768 AG.
644 1712 707 1785 quid
719 1710 879 1767 molestus?
930 1722 940 1743 ¹
1009 1736 1026 1745 ..

93 1784 101 1797 '
162 1782 226 1838 AD.
239 1783 321 1849 soror,
339 1800 427 1856 parce,
444 1783 554 1839 amabo:
572 1794 614 1839 sat
626 1784 668 1838 est
674 1784 744 1839 istuc
761 1784 843 1839 ilios:

161 1871 197 1909 ne
208 1855 314 1909 nosmet
324 1871 396 1910 nunc
409 1854 500 1909 ndstra
508 1855 587 1909 etiam
598 1855 664 1908 vitia
672 1853 715 1909 elo
733 1854 836 1911 urimur.

160 1925 223 1982 AN.
235 1925 352 1997 quiesco.
386 1925 451 1980 AD.
459 1943 521 1996 ergo
533 1925 593 1980 am6
604 1936 644 1981 te.-
665 1873 775 1980 seditde
783 1942 856 1979 nnnc
865 1923 997 1998 responde

162 1995 236 2063 mihi,
253 2007 315 2050 sunt
326 1995 370 2051 hie
381 1996 480 2062 6mnia,
497 2014 556 2068 quae
568 1997 603 2050 ad
615 1995 694 2050 dei1m
705 2013 799 2066 pacem
810 1995 917 2067 opdr'tet

101 2072 131 2122 45
163 2064 278 2122 adesse?
295 2069 357 2123 AN.
369 2068 500 2123 accurivi.

162 2139 224 2194 AG.
239 2137 308 2192 diem
321 2137 442 2210 pulcrum
454 2149 482 2194 et
494 2137 622 2193 celebrem
635 2147 664 2192 et
674 2136 821 2192 venustatis
832 2135 949 2209 plenum,

163 2209 269 2280 dignum
281 2211 386 2265 Venere
396 2209 452 2280 pil,
467 2210 532 2282 quoi
542 2217 604 2263 sunt
620 2207 789 2277 A'phrodieia
799 2207 889 2263 hodie.

162 2280 215 2335 Mt.
224 2281 319 2354 sequid
330 2280 439 2351 gratiae,
456 2296 536 2352 quom
548 2279 600 2331 huc
611 2277 684 2332 sores
695 2288 723 2332 te
734 2277 863 2334 evaciri?

138 2350 191 2420 jam
201 2352 293 2407 nenne
302 2370 346 2407 me
357 2352 436 2408 decet
447 2351 515 2405 cado
528 2348 621 2409 donari
633 2349 687 2403 vini
699 2347 816 2404 veteris?

104 2425 133 2472 50
142 2421 181 2476 die
191 2423 263 2479 dire.
274 2420 341 2477 nihil
351 2420 517 2493 respondes?
535 2421 626 2492 lingua
635 2419 698 2474 huie
710 2418 819 2488 excidit,
829 2428 860 2476 ut
869 2420 972 2494 opinor.
1061 2458 1067 2470 .

103 2538 183 2604 uhts
196 2558 224 2606 v.
239 2548 269 2609 s.
282 2545 336 2605 ee·
350 2544 469 2604 seruus
482 2542 604 2602 murus.
646 2541 685 2605 v.
700 2548 731 2605 5.
744 2551 789 2602 sat
801 2543 867 2604 tea
879 2543 980 2620 scripsi
1000 2560 1054 2623 pro
1072 2545 1143 2607 ..aa
1160 2534 1216 2619 ti.
1326 2548 1329 2554 ·

106 2619 137 2682 V.
148 2628 175 2684 8.
189 2630 218 2687 9.
232 2625 349 2686 codices
362 2636 502 2705 sequutus
515 2644 589 2694 sum,
611 2623 641 2682 iu
654 2622 748 2703 iisque
769 2623 857 2682 etiam
877 2623 1067 2703 Lipsiensem.
1110 2626 1217 2703 Verba,

101 2713 234 2840 {adquam
248 2728 354 2769 aurora
367 2704 472 2779 illusit,
492 2716 607 2765 tentum
627 2705 719 2778 abest,
740 2715 774 2763 ut
792 2704 1081 2783 interpretamentum
1094 2708 1162 2783 sint,
1182 2722 1218 2772 ut
1296 2716 1302 2735 '

123 2786 291 2849 nieorationi
298 2788 439 2885 preclare
449 2786 633 2848 conveniant.
676 2788 716 2846 Et
731 2785 796 2865 quis
809 2785 952 2865 interpres
964 2789 1053 2847 verba
1062 2788 1098 2848 ab
1108 2811 1217 2852 oerore
1273 2790 1276 2797 ⁴

107 2881 136 2924 ex
151 2869 282 2932 licatione
297 2871 428 2949 indigere
441 2868 597 2949 putasset?
639 2866 677 2930 V.
694 2872 741 2929 le.
760 2866 859 2947 vulgo,
881 2888 945 2948 que
965 2869 1042 2928 dutce
1063 2871 1143 2931 nobis
1162 2892 1218 2933 en·

107 2888 173 3012 ude.
211 2952 249 3013 V.
264 2957 313 3015 14.
323 2950 421 3011 addidi
435 2970 467 3010 us
487 2970 530 3021 ue,
553 2961 582 3009 et
596 2949 698 3009 dedere
711 2966 780 3009 cum
794 2948 898 3009 Reizio
911 2967 965 3029 pro
978 2951 1214 3035 dederuntscrip·

108 3026 134 3087 ti.
166 3034 201 3096 V.
226 3040 275 3097 23.
299 3033 398 3094 addidi
419 3053 462 3092 ea.
503 3032 540 3090 In
560 3042 702 3110 sequente
715 3048 811 3103 versu,
832 3029 882 3088 ubi
899 3033 938 3090 V.
952 3030 989 3092 C.
1003 3034 1087 3114 quati
1097 3032 1214 3113 inlusio,

108 3101 161 3175 MS.
174 3115 250 3176 Dec.
263 3117 344 3196 quusi
356 3117 464 3197 injusta
478 3123 529 3188 est,
550 3113 617 3174 eod.
632 3111 716 3192 Lips.
736 3113 818 3193 queri
839 3121 930 3171 matta
950 3123 1001 3185 ert,
1022 3134 1120 3175 veram
1142 3118 1216 3178 milri

107 3187 188 3254 videor
210 3196 256 3255 his
276 3197 403 3275 vestigiis
425 3196 584 3256 lectionem
608 3192 843 3273 deprehendisse.
885 3193 922 3254 V.
944 3199 995 3256 29.
1019 3195 1060 3255 ita
1086 3198 1214 3261 restituit

108 3263 216 3340 Iieizius.
259 3277 296 3338 V.
311 3281 361 3341 37.
382 3277 470 3338 etiam
484 3277 554 3337 MS.
568 3277 605 3335 Li
627 3296 649 3336 s.
663 3277 847 3336 invenustute.
872 3274 981 3334 Versus
995 3276 1053 3350 hic,
1075 3289 1108 3338 ut
1120 3300 1149 3339 r.
1163 3285 1213 3343 35.

106 3356 205 3444 mutilus
219 3368 280 3418 est:
301 3356 445 3419 excidisse
457 3357 573 3417 videtur
580 3297 686 3438 pdinae.
728 3356 832 3420 V.'·4l.
845 3354 921 3426 libri,
942 3365 1038 3417 retest
1057 3359 1214 3422 runcaliae

107 3430 182 3499 dcere
201 3440 289 3500 nobis.
330 3439 445 3513 Deleri,
494 3457 539 3498 uae
552 3439 590 3497 ab
604 3437 764 3519 interprete
777 3438 894 3518 adjecta
906 3437 1087 3498 videbantur.
1112 3441 1147 3500 V.
1161 3449 1212 3504 42.

105 3513 185 3579 addidi
198 3542 282 3595 nune,
302 3540 356 3601 pro
370 3540 428 3602 quo
443 3538 459 3580 c
500 3520 529 3579 d.
544 3519 630 3578 Parei
643 3519 684 3590 in,
706 3529 736 3579 et
749 3519 851 3598 scripsi
859 3517 1027 3600 ⁸eloquamur
1039 3540 1093 3600 pro
1112 3521 1211 3604 loqua-

104 3615 161 3662 mur.
201 3602 241 3661 V.
254 3606 304 3664 45.
318 3603 407 3682 vulgo
420 3602 514 3663 omnio
528 3601 671 3662 accaroni.

133 3688 159 3744 8.
180 3683 281 3742 Alium
294 3683 399 3743 addam
411 3684 510 3743 locum
524 3703 563 3743 ex
578 3680 783 3760 enphiteu.
799 3681 829 3742 2.

156 3800 231 3857 Satin
243 3801 375 3872 pervertis
388 3810 429 3856 est
439 3802 605 3872 voluptatum
615 3799 645 3853 in
656 3801 712 3854 vita
722 3808 803 3870 atque

155 3872 184 3955 in
196 3873 285 3962 ae‘ta'te
295 3873 408 3956 agirnda,
425 3882 480 3961 prae
491 3870 568 3944 quim
580 3870 653 3954 quod
664 3868 806 3926 molestum
815 3879 864 3953 est.

155 3941 859 4086 {tristitiemltlssitttpt‘lll·

103 4096 120 4140 5
154 4084 245 4141 eomes
257 4084 443 4158 consequiturt
459 4085 522 4156 quin
533 4083 696 4140 incommodi
704 4084 763 4154 plus

154 4154 272 4229 malique
282 4157 355 4211 illico
367 4156 446 4223 assu,-
456 4157 520 4210 boni
532 4157 553 4211 si
564 4154 658 4225 obtigit
666 4154 738 4226 quid.
824 4166 828 4171 ·

152 4244 217 4283 nam
229 4245 278 4298 ego
289 4228 318 4282 id
330 4245 401 4282 nunc
412 4226 535 4298 experior
546 4227 636 4292 domo,
652 4224 680 4280 dt
698 4225 752 4280 uei
771 4242 800 4280 sa
811 4223 845 4281 de
854 4241 897 4281 me

151 4297 220 4364 sciti,
238 4298 301 4370 quoi
314 4299 437 4371 voluptas
448 4298 591 4371 parumper
603 4297 667 4353 data
680 4245 731 4364 get,
748 4243 811 4350 (ium
