2694 4866
550 276 610 337 ns
632 273 883 339 senonens..
929 352 931 357 ,
1202 289 1264 349 aar

67 466 78 503 a
126 449 179 531 qui
202 467 262 510 una
287 447 482 529 perpetuitate
505 446 618 506 numeri
642 446 802 514 cohaeream
832 462 900 504 nou
923 461 1012 521 naar,
1034 448 1083 527 qui
1104 469 1195 529 pausa
1214 454 1262 513 vel

67 549 72 584 1
128 534 245 593 silentio
268 531 456 601 dirimuntur;
481 547 647 598 suminam,
667 529 727 606 qui,
749 539 782 585 ut
804 526 920 587 libitum
945 541 1000 599 est,
1021 531 1066 589 vel
1091 533 1262 594 continuato

67 632 72 665 r
128 614 176 673 vel
190 632 374 694 perpensam
389 612 551 691 interrupto
565 628 686 671 numero
707 619 784 668 sunt.
827 609 865 667 Et
889 609 920 666 hi
944 611 1061 689 quidem
1085 626 1163 686 sunt,
1188 636 1262 694 quos

67 712 72 745 i
128 715 187 775 ego
200 705 382 776 asynartetos
395 692 493 751 vocari
507 691 603 751 velim.
645 690 722 748 Nam
743 709 816 768 quos
835 692 1017 768 grammatici
1037 695 1078 754 ita
1102 695 1260 774 appellant,

67 792 72 828 t
128 777 227 859 potius
237 776 334 854 plures
348 794 447 834 versus
461 785 538 844 sunt,
574 790 643 831 ausa
656 768 802 852 disy’uncti,
823 772 875 830 sed
889 773 939 850 qui
954 787 1074 854 propter
1084 776 1260 838 brevitatem

73 916 76 927 ,
127 877 188 917 uno
202 857 308 937 spiritu
321 858 351 914 in
365 793 585 935 pronunciando
599 851 805 930 comprehendi
816 854 936 933 possint.

67 982 71 987 -
165 944 196 1000 5.
220 940 292 999 Jau
318 953 539 997 susrnnrnrunr
563 946 594 993 et
619 951 845 994 sunonuanum
867 947 972 994 natura
995 936 1118 1016 intelligi
1141 941 1258 1018 poterit.

67 1038 70 1045 ·
124 1020 182 1081 Est
196 1020 274 1081 enim
289 1037 437 1085 sesenna
454 1034 610 1077 numanus
626 1033 848 1077 eearnruusrn
863 1035 1020 1077 vaasrnus
1035 1037 1128 1079 nexis
1149 1040 1258 1080 corrm-

119 1113 219 1174 anus,
230 1118 380 1163 srnoerra
392 1112 489 1159 autem
505 1115 662 1159 numanus
678 1117 719 1158 nx
731 1114 892 1159 reuersus
904 1117 1060 1161 vsasrnus
1075 1120 1257 1167 urcuuoue

123 1201 337 1244 consocrnrrs
352 1198 567 1243 courosrrus.

163 1269 197 1326 6.
218 1269 350 1343 Apparet
363 1283 401 1323 ex
415 1263 469 1331 his,
491 1273 618 1341 systema
633 1278 692 1317 non
705 1257 762 1317 nisi·
775 1279 833 1318 uno
848 1280 942 1340 eoque
955 1276 1102 1342 perpetuo
1114 1276 1145 1324 et
1158 1266 1258 1327 coha-

121 1359 210 1406 rente
220 1347 335 1406 numeri
350 1343 503 1414 contineri,
524 1341 674 1422 stropham
687 1354 784 1399 autern
807 1343 894 1402 etiam
920 1344 1099 1423 interruptos
1120 1366 1257 1408 numeros

122 1427 291 1495 admittere
311 1427 433 1507 proinde
447 1437 573 1506 systema
587 1423 789 1482 tantummodo
800 1443 838 1481 ex
849 1425 979 1485 versibus
993 1427 1077 1486 nex-is
1091 1427 1165 1500 fieri,
1179 1443 1255 1489 stro-

123 1508 213 1589 pham
227 1509 314 1568 etiarn
335 1529 377 1569 cx
389 1527 446 1566 non
462 1507 544 1567 nexis
556 1518 588 1564 et
611 1503 903 1584 seminexis31taque
925 1519 1083 1586 systemate
1106 1511 1256 1589 stropham
1277 1547 1280 1551 ν

67 1584 73 1593 “
121 1609 182 1649 non
198 1590 252 1649 nisi
264 1610 360 1662 unam,
375 1589 494 1667 stropha
507 1598 607 1648 autem·
618 1597 777 1666 systemata
791 1587 875 1664 plura
889 1589 1096 1667 comprehendi
1108 1611 1203 1669 posse.

117 1734 120 1739 .
163 1675 193 1737 7·
216 1674 291 1735 Rem
306 1691 421 1730 omnem
436 1656 576 1748 exemplis
587 1667 752 1727 declarabo.
794 1668 958 1728 Simonides
973 1670 1066 1749 epigr.
1081 1677 1130 1732 85.
1149 1673 1225 1757 (91)

198 1807 331 1883 μνέσιμαι,
354 1809 382 1864 οὗ
391 1808 443 1885 wie
453 1802 523 1863 ’r'oratr
537 1802 658 1876 ἆιόιυμοι
670 1799 749 1860 ἐνθάδ’
766 1800 940 1882 'Agxtrar'mu

242 1887 342 1946 artatae
355 1889 479 1946 θανοῦσαν
494 1887 599 1957 apaan
612 1882 718 1942 daorsis.

90 2021 93 2024 ’
119 2018 240 2081 Horum
252 2017 547 2079 uersuumsecundus
562 2015 640 2075 omni
655 2035 693 2074 ex
708 2026 792 2094 parte
805 2027 886 2076 reete
900 2037 1000 2078 uersus
1015 2018 1144 2094 dicetur,
1154 2032 1188 2082 ut
1202 2025 1253 2102 qui

118 2120 181 2161 non
194 2099 282 2160 modo
296 2100 448 2161 commode
463 2118 522 2158 uno
535 2098 638 2177 spiritu
653 2097 837 2176 pronunciari
852 2100 951 2177 possit,
972 2102 1025 2160 sed
1039 2103 1127 2161 etiarn
1141 2123 1179 2162 ex
1192 2124 1251 2164 uno

117 2201 215 2263 eoque
238 2182 352 2261 integro
377 2200 498 2240 numero
520 2191 651 2239 constet..
687 2178 801 2237 Primus
826 2193 924 2240 autem
945 2200 1053 2252 versus,
1075 2184 1099 2241 si
1113 2203 1150 2242 eo
1163 2188 1252 2246 modo

118 2274 304 2343 asynartetus
326 2275 381 2334 est,
404 2283 461 2342 quo
485 2260 668 2340 grammatici
688 2260 799 2329 volunt,
823 2260 842 2319 i.
856 2281 883 2322 e.
903 2282 994 2340 pausa
1007 2264 1037 2321 in
1051 2266 1147 2325 medio
1161 2266 1250 2340 facta,

117 2340 300 2424 numeroque
309 2345 485 2423 interrupto,
495 2342 661 2422 exemplum
672 2342 783 2420 praebet
793 2342 918 2401 duorum
933 2365 1072 2404 versuum
1083 2366 1142 2405 non
1157 2367 1250 2410 nexo·

114 2445 194 2486 rum.
234 2427 321 2492 Quod
335 2427 361 2486 si
373 2427 541 2505 legemeyus
554 2423 595 2483 ita
608 2423 829 2497 constituamus,
851 2434 884 2482 ut
900 2445 957 2484 uno
971 2440 1113 2506 perpetuo
1127 2449 1249 2491 numero

115 2517 218 2587 partes
230 2509 293 2584 ejus
303 2512 474 2588 jungantur,
496 2525 551 2565 nec
565 2504 684 2584 syllabae
697 2505 817 2584 ancipiti
831 2506 860 2563 in
875 2518 979 2584 quarto
993 2509 1068 2586 pede
1082 2509 1164 2570 locus
1178 2529 1250 2571 con-

117 2586 252 2660 cedatur,
266 2589 452 2649 versus'duos
466 2607 557 2648 nexos
577 2587 758 2646 habebimus.
800 2588 850 2648 Sin
872 2587 998 2666 denique
1017 2589 1139 2649 liberum
1162 2593 1250 2653 relin-

116 2688 255 2749 quemus,
280 2682 378 2730 utrum
400 2681 573 2750 perpetuare
596 2668 658 2747 quis
683 2687 836 2730 nrrmerum
857 2669 997 2742 relit,>an
1022 2671 1246 2753 interrumpere,

113 2769 217 2810 versus
230 2750 286 2812 erit
302 2751 477 2811 seminexus.
520 2749 678 2831 Conjnncti
691 2747 722 2806 hi
735 2748 795 2808 sive
809 2749 868 2808 duo
878 2751 937 2810 sive
952 2765 1011 2811 tres
1024 2752 1159 2812 versiculi
1173 2767 1249 2816 stro.

114 2832 205 2926 phem
218 2832 361 2911 praebent,
381 2833 449 2912 quia
463 2842 557 2892 totum
579 2830 726 2911 quoddam
740 2831 946 2909 conjunctione
959 2851 1012 2891 sua
1032 2833 1170 2909 efficiunt,
1193 2838 1248 2898 sed

97 2912 189 2973 'illud
202 2932 260 2973 oon
275 2934 334 2974 una
345 2914 542 2994 perpetuitate
555 2912 669 2974 numeri
683 2912 934 2992 comprehensum.
956 2913 1092 2977 Aliterse
1101 2935 1146 2978 res
1157 2917 1252 2984 habet

112 2992 204 3067 iobis
219 2996 415 3056 Anacreontis
430 2995 581 3057 versibusr.
1102 3003 1107 3023 ‘

194 3139 333 3204 γουνοῦμαι
347 3131 371 3191 r'
385 3120 543 3213 impertiar,

194 3215 274 3286 ξανθὴ
286 3219 339 3274 rai
350 3216 419 3287 Ad„
439 3217 531 3296 stygiam

234 3290 452 3379 dinonmagvrpr
461 3299 555 3377 isphr.

111 3423 178 3485 Hic
190 3442 250 3484 nou
263 3426 350 3485 modo
365 3426 471 3505 singuli
486 3444 588 3485 versus
599 3444 658 3486 uno
671 3445 730 3486 non
745 3426 908 3506 interrupto
928 3445 1051 3488 numero
1071 3429 1244 3504 decurrunt,

111 3507 166 3566 sed
175 3523 275 3566 omnes
285 3507 360 3567 inter
369 3528 400 3568 sc
414 3507 516 3568 eadem
528 3507 722 3587 perpetuitate
730 3509 826 3588 juncti
839 3520 920 3569 sunt:
941 3510 1018 3569 unde
1032 3509 1066 3569 iis
1080 3515 1243 3590 systematis

114 3586 272 3666 appellatio
287 3589 433 3650 convenit.
455 3590 549 3649 lidem
563 3609 632 3649 vero
646 3609 754 3658 versus,
776 3590 800 3648 si
813 3610 872 3649 non
884 3591 1107 3669 perpetuitatem
1118 3594 1242 3666 numeri,

111 3667 166 3727 sed
179 3669 424 3748 conspirationem
439 3670 574 3750 partium,
598 3670 785 3730 similitudine
799 3690 851 3731 sua
870 3683 901 3730 et
924 3674 1127 3732 convenientia
1147 3686 1242 3734 totum

132 3747 259 3808 uoddaur
273 3752 477 3829 praebentium,
498 3763 673 3830 spectamus,
695 3752 821 3831 strophae
836 3752 953 3825 nomine
966 3755 1131 3833 appellandi
1145 3768 1241 3816 erunt.

110 3768 198 3888 i'olle
211 3830 288 3890 enirn
301 3835 526 3912 perpetuitatem
541 3833 667 3905 numeri,
690 3845 720 3893 et
733 3834 780 3893 fac
794 3835 923 3893 omnium
935 3855 1069 3895 versuum
1081 3847 1244 3914 postremas

106 3909 237 3988 syllabas
263 3914 404 3993 ancipites
430 3934 509 3975 esse:
544 3916 672 3975 manebit
695 3915 824 3994 stropha,
852 3927 981 3994 systema
1003 3928 1100 3977 autem
1122 3913 1240 3997 peribit.

107 3992 267 4055 Jamedde
280 3994 325 4054 his
338 3996 590 4057 tribusversiculis
603 3996 729 4076 reliquos
742 3998 883 4077 quinque:
932 4036 934 4039 ·
1132 3997 1142 4009 '

189 4108 243 4168 thav
255 4118 292 4169 ra·
308 4111 348 4172 ieri
358 4111 473 4176 Anbm'on
755 4104 759 4111 ἱ
776 4108 782 4119 ’

188 4187 284 4268 diras-rr·
297 4190 458 4274 berengidae

189 4269 279 4355 sirigiir
295 4272 425 4357 iyaaaiigae
439 4273 511 4335 aihta
