2694 4866
519 283 772 349 Dnmcarto.
1169 297 1201 356 xi

60 467 174 538 potest.
216 453 403 537 Tragoediam
426 452 548 515 adillud
561 454 710 534 fastigium
734 474 752 514 a
776 454 888 516 Grecis
908 467 1039 518 evectam
1062 477 1136 535 esse,
1160 474 1194 523 ut

58 559 99 618 ab
123 557 205 618 nulla
234 567 336 636 gente,
365 553 505 634 nulloque
535 572 598 614 aevo
621 574 659 614 ea
687 554 717 613 in
738 573 770 614 re
790 557 918 634 superati
939 556 1008 630 aiot,
1028 552 1130 622 omnes
1148 561 1191 622 fa·

59 666 175 721 tentor:
195 667 226 717 at
251 673 339 735 quam
352 652 523 733 imperfecta
543 663 621 726 anot,
643 672 788 733 quamque
809 673 912 732 parum
932 656 1111 719 exhauriunt
1130 679 1193 722 rem

58 755 152 830 illam,
173 773 240 835 quae
254 753 438 825 Aristotelea,
452 751 703 824 viracutissimus,
717 771 889 830 summoque
907 753 1025 833 ingenio
1045 757 1195 836 preditus,

59 854 100 916 de
112 875 151 916 eo
165 864 338 934 argumento
352 850 461 932 scripta
474 851 601 931 reliquit.
643 851 683 912 Et
707 852 771 931 quis
784 851 889 924 nescit,
914 867 947 911 tu
969 863 1078 928 autem,
1093 857 1195 919 Bliim·

59 974 142 1027 nere,
158 956 242 1033 cujus
256 950 364 1012 eximia
383 961 452 1010 suut
472 949 503 1008 in
522 950 581 1029 hoc
601 969 709 1030 genere
729 950 842 1021 merita,
857 950 986 1010 omnium
1003 953 1113 1031 optime
1126 955 1193 1027 scis,

58 1053 177 1113 nonita
198 1049 311 1132 pridem
331 1049 451 1109 demum
474 1057 608 1109 naturam
631 1047 812 1127 virtutesque
836 1049 950 1109 Groecoe
973 1050 1126 1128 tragoediae
1150 1053 1194 1111 in·

58 1149 163 1230 telligi,
178 1161 318 1232 recteque
331 1145 467 1208 aestimari
480 1145 631 1226 coepiase?
650 1147 725 1213 Quae
738 1165 829 1225 quum
850 1146 891 1206 ita
910 1147 978 1231 sint,
1000 1168 1058 1209 non
1078 1170 1192 1231 vereor,

59 1248 177 1329 nequis
198 1247 349 1306 hominum
371 1245 563 1306 eruditiorum
583 1255 635 1305 ant
655 1243 834 1323 indignetur,
856 1256 909 1304 aut
928 1245 1059 1320 miretur,
1078 1248 1146 1308 siin
1160 1270 1192 1311 re

58 1347 184 1407 metrica
202 1345 408 1425 grammaticos
428 1343 604 1405 deserendos
628 1337 809 1424 putavimus.
852 1342 932 1410 Quin
959 1347 1019 1424 iam
1042 1365 1081 1406 ex
1104 1348 1193 1428 longo

59 1459 196 1527 tempore
216 1445 363 1506 neminem
382 1444 473 1505 fuisse
492 1443 619 1505 arbitror
633 1462 746 1516 eorum,
768 1441 818 1521 qui
831 1441 965 1503 idoneam
979 1443 1082 1503 harum
1096 1465 1193 1507 rerum

59 1546 197 1627 peritiam
211 1545 363 1613 haberent,
383 1543 456 1623 quin
476 1542 555 1603 idem
575 1542 707 1615 sentiret,
728 1541 783 1602 etsi
805 1541 946 1621 plerique,
967 1543 1094 1616 maxime
1115 1545 1194 1623 quod
1230 1554 1232 1559 '

56 1647 190 1707 laborem
218 1644 366 1724 fugerent,
387 1661 446 1702 nou
476 1660 551 1715 eam,
573 1658 660 1720 quam
681 1641 838 1713 debebant,
865 1639 941 1700 viam
969 1641 1092 1720 ingressi
1117 1654 1193 1703 sunt.

55 1743 135 1804 Vide
149 1743 238 1815 enim,
252 1743 276 1802 ai
289 1742 399 1821 placet,
414 1740 483 1820 quid
497 1740 639 1800 hactenns
653 1751 753 1800 actum
769 1740 799 1798 in
813 1740 872 1798 h'oc
885 1758 993 1819 genere
1003 1741 1049 1801 sit.
1091 1743 1193 1822 Atque

60 1861 153 1922 quum
174 1841 226 1901 diu
246 1859 347 1900 omnes
367 1838 556 1899 adhaesissent
569 1837 775 1918 grammaticis,
790 1837 900 1917 primus
913 1838 1193 1902 novamiuireviam

57 1957 147 2000 anans
162 1931 262 2019 eat-R.
277 1937 437 2006 Bentleius‚
459 1937 503 1995 vir
523 1937 613 1996 divini
632 1935 753 2015 ingenii,
774 1955 831 1996 nec
850 1936 959 1996 servire
978 1936 1114 2015 cuiquam
1135 1938 1193 1999 dis-

57 2036 184 2117 ciplioae,
199 2036 262 2109 sed,
277 2054 395 2115 quoquo
409 2055 441 2096 se
454 2046 650 2108 converteret,
672 2035 815 2114 imperare
836 2034 940 2094 aciens.
982 2037 1012 2095 Is
1035 2054 1098 2094 rem
1122 2035 1193 2095 diffi-

59 2136 209 2209 cillimam,
222 2120 402 2194 comicorum
416 2133 592 2196 Latinorum
605 2144 700 2193 metra
712 2151 876 2210 aggressus,
901 2152 991 2210 quum
1015 2133 1111 2207 facile,
1135 2152 1193 2213 qna

59 2244 123 2294 erat
142 2231 283 2304 sollertia,
305 2231 387 2305 illud,
412 2231 442 2291 in
468 2252 526 2311 quo
549 2249 664 2290 summa
686 2230 729 2290 rei
751 2240 924 2301 verteretur,
945 2229 1193 2309 deprehendisset,

58 2332 197 2404 breviter,
229 2330 283 2390 sed
312 2330 467 2410 perspicue
494 2329 631 2409 exposuit
658 2329 695 2388 de
719 2347 755 2388 ea
781 2325 948 2387 rationein
972 2329 1192 2405 schediasmate,

57 2431 139 2509 quod
152 2428 270 2509 scripsit
291 2427 328 2488 de
349 2428 450 2489 metris
475 2428 674 2490 Terentianis:
697 2426 894 2506 sentiensque,
914 2426 1000 2487 altius
1020 2429 1193 2508 repetendas

58 2547 124 2590 esse
146 2529 235 2608 hujus
256 2527 300 2587 rei
319 2545 446 2602 caussas,
471 2546 563 2607 quum
586 2547 635 2588 aaa
657 2527 805 2606 explicare
825 2543 884 2586 non
904 2537 1013 2605 posset,
1034 2526 1114 2605 quod
1132 2546 1193 2588 non

58 2639 105 2689 est
128 2627 236 2686 mirum
255 2625 287 2685 in
310 2624 369 2699 illa,
391 2647 457 2707 qua
480 2638 544 2686 tum
568 2637 641 2699 erat,
655 2625 825 2687 conditione
838 2619 1037 2704 philosophiae,
1056 2643 1192 2687 arcanam

59 2725 204 2785 rationm
218 2723 343 2785 musices
356 2724 505 2804 objectare
519 2724 588 2784 satis
601 2723 713 2785 habuit.
754 2722 876 2783 Factum
899 2720 1047 2800 estquod
1070 2741 1192 2802 exspec-

57 2822 115 2884 tari
128 2831 258 2901 poterat:
278 2821 410 2902 plerique
435 2833 624 2902 stupuerunt,
644 2821 693 2882 alii
716 2820 861 2882 adversati
883 2831 962 2882 sunt.
1006 2819 1091 2881 Nova
1113 2820 1192 2881 enim

55 2921 241 3002 aiproferaa',
263 2921 405 2982 difficilius
425 2922 564 2995 invenias,
585 2922 635 3002 qui
656 2941 758 3002 sapere
781 2933 891 2993 tecum,
914 2939 1012 3000 quam,
1031 2919 1058 2980 si
1080 2931 1192 3006 vetera,
1292 2981 1295 2986 .

57 3017 110 3098 qui
137 3038 235 3080 errare
261 3018 340 3079 velit.
380 3020 519 3099 Longum
549 3021 618 3081 inde
646 3020 802 3091 silentium,
831 3037 923 3098 usqua
947 3018 1027 3092 dnm,
1049 3017 1192 3097 gliscente

58 3103 431 3196 tragicoranroecorum
451 3119 561 3192 studio,
586 3118 734 3179 Heathius
761 3127 882 3176 exortus
912 3127 968 3190 eat,
996 3114 1049 3195 qui
1073 3115 1216 3197 prorsus

55 3217 96 3277 ad
115 3215 321 3295 grammaticos
334 3216 474 3296 relapsus,
488 3217 560 3277 nihil
575 3217 655 3278 aliud
669 3216 775 3287 effecit,
790 3235 877 3296 quam
901 3225 935 3276 ut
948 3214 1049 3277 metris
1071 3214 1190 3296 quibus·

55 3313 126 3374 dam
138 3312 262 3393 scriptas
275 3331 338 3375 esse
352 3314 510 3394 tragoediaa
523 3315 578 3374 viri
601 3315 682 3375 docti
699 3312 934 3373 recordarentur:
957 3330 1086 3393 quorum
1101 3313 1190 3393 plari·

58 3427 130 3488 que,
142 3408 341 3471 difficultatem
354 3411 397 3472 rei
412 3423 587 3485 metuentes,
601 3411 738 3491 quoniam
751 3411 831 3470 huuc
849 3410 985 3471 didicisse
1008 3410 1064 3471 iata
1088 3409 1188 3489 opina·

56 3506 174 3579 bantur,
196 3507 317 3567 credere
337 3507 365 3567 ei
385 3509 561 3570 tntimimum
582 3511 637 3569 rati
658 3521 737 3569 aunt.
779 3506 841 3569 Sub
871 3508 948 3568 idem
979 3519 1094 3585 tempus
1127 3504 1189 3564 Da-
1287 3545 1299 3563 .

56 3603 170 3676 nesius,
196 3605 367 3666 observator
388 3605 473 3669 valde
497 3607 631 3686 diligens,
657 3607 796 3667 metricos
822 3604 934 3684 aliquot
960 3614 992 3664 et
1017 3601 1188 3681 prosodicoa

55 3720 193 3774 mones,
230 3704 441 3782 exemplorum,
476 3716 624 3785 tamquam
651 3706 781 3776 testium,
815 3721 938 3763 numero
972 3702 1188 3780 comprobatos,

57 3800 230 3861 mandauit:
259 3800 310 3881 qui
336 3821 399 3862 mos
420 3804 582 3864 secundum
605 3802 704 3882 plures
731 3800 893 3882 judicandi,
916 3800 1069 3880 pauciores
1090 3809 1190 3860 autem

57 3909 151 3959 testea
163 3899 202 3958 ad
215 3898 450 3962 emendationem
470 3901 694 3974 condemnandi,
708 3899 777 3960 inde
790 3899 913 3960 mirifice
936 3895 1047 3977 placuit
1068 3897 1190 3977 popula·

55 3994 138 4057 ribus
149 4001 222 4078 ejus
263 3998 356 4059 Hunc
376 3999 484 4083 ducem
503 4009 644 4080 sequutus
664 4010 709 4060 eat
724 3998 900 4070 Brunckius,
913 3995 956 4054 vir
969 3994 1054 4055 multi
1072 3994 1186 4075 judicii,
1230 4079 1232 4083 7

55 4112 229 4176 magmqne
248 4091 413 4178 elegantiae,
432 4099 483 4178 qui
497 4118 587 4179 quum
608 4098 740 4169 sentiret,
761 4107 871 4177 quanta
889 4095 980 4155 virtus
1004 4094 1059 4154 sita
1082 4093 1112 4152 in
1134 4112 1188 4153 nu-

57 4195 146 4259 meris
158 4207 248 4273 meet,
259 4196 411 4278 pravitatis
422 4216 527 4259 eorum
539 4197 704 4278 impatiens,
717 4196 836 4281 auribus
850 4193 1021 4273 plerumque
1041 4189 1189 4262 consultis,
