2694 4866
121 319 182 383 ara
464 314 544 379 nra.
560 316 603 378 ιι.
624 297 718 380 cni.
741 314 884 380 xxxvi.

161 493 191 549 8.
212 488 381 562 Anacreon,
395 488 445 567 qui
457 488 562 569 srepius
576 487 779 547 choriambicis
792 486 922 547 versibus
932 502 1005 546 aaut
1015 496 1074 559 ett,
1097 495 1138 545 ut
1146 489 1245 567 preter

118 572 200 630 locos
211 570 248 628 ab
265 569 472 649 Hephaestione
487 570 589 630 allatos
602 569 768 649 fragmenta
783 572 830 631 12.
844 573 893 631 ao
908 572 959 630 26.
973 566 1191 641 demontrant,
1208 568 1243 628 ita

118 651 235 712 videtur
250 651 395 728 dipodiam
409 652 563 711 iambicam
572 651 783 730 frequentasse,
804 664 837 710 ut
850 649 979 710 nesciam
991 667 1030 707 su
1043 648 1179 728 integros
1187 668 1242 708 rer·

118 753 169 794 sus
184 732 395 793 choriambicos
409 754 447 794 ex
461 733 585 813 dipodiis
600 733 730 792 iambicis
744 732 950 811 composuerit.
992 730 1102 811 Operae
1123 731 1241 810 pretium

117 818 186 888 erit,
205 816 292 893 hujus
306 816 347 874 rei
361 834 463 875 caussa
477 816 607 875 attulisse
619 816 816 894 fragmentum
836 817 889 878 27.
900 811 980 892 quod
993 823 1144 872 somatum
1156 811 1239 871 catab

117 896 264 959 Atheneo
289 897 359 957 ΧΠ.
375 918 403 977 p.
417 903 488 958 533.
505 917 566 976 seq.
609 897 678 957 Non
692 907 895 967 recreantem,
917 906 950 954 ut
963 894 1099 964 arbitror,
1120 893 1240 952 editores

118 979 313 1039 Anacreontis
327 979 396 1049 rluo,
419 999 485 1058 quae
498 979 542 1039 ibi
553 977 680 1038 citantur
692 977 857 1056 fragmenta
870 977 900 1035 in
914 994 1005 1035 unum
1018 978 1239 1055 conjunxerunt

116 1061 194 1120 Nam
218 1061 364 1121 cohaerere
388 1061 438 1119 illa
459 1079 570 1140 neque,
581 1060 742 1120 Athenaeus
767 1059 848 1130 dicit,
870 1077 966 1137 neque
983 1060 1081 1136 poeta
1094 1056 1238 1135 verbapa·

117 1143 240 1214 tiuntur,
261 1161 317 1201 nec
331 1152 456 1200 nretrum
470 1142 571 1215 vincit,
593 1143 672 1221 quod
686 1142 740 1201 etsi
754 1141 785 1199 in
799 1152 924 1219 utroque
938 1137 1171 1198 choriambicum
1191 1149 1237 1209 cst,

113 1234 212 1284 tamen
226 1225 257 1282 in
270 1224 366 1303 priore
380 1223 462 1282 basin
475 1223 574 1297 habet,
596 1244 661 1303 quae
674 1223 705 1283 in
713 1222 817 1296 altero,
831 1220 961 1302 quamvis
974 1219 1076 1299 longo,
1101 1237 1234 1298 nusquam

116 1306 305 1386 conspicitur.
348 1305 432 1364 Prius
445 1306 503 1365 hoc
517 1317 574 1367 est:

195 1441 274 1522 {air-‘lp
290 1440 312 1500 δ’
327 1441 465 1524 Εὗςυτῖνλῃ
476 1443 545 1520 pitu

197 1528 209 1584 ὃ
223 1523 381 1606 aspicientes
394 1523 530 1606 Ἀσάμων,

117 1673 241 1736 quorum
265 1673 399 1714 versuum
423 1655 570 1716 secundus
590 1656 713 1716 dimeter
734 1675 798 1717 esse
820 1656 1033 1718 choriambicus
1059 1674 1099 1715 ex
1125 1650 1236 1735 dipodr’it

116 1735 247 1796 iambicis
260 1736 385 1797 ridetur.
426 1737 563 1797 Alterum
578 1757 616 1798 ex
629 1739 685 1811 his,
699 1749 826 1818 utputo,
840 1740 970 1800 versibus
980 1747 1111 1812 constat,
1125 1752 1236 1817 quorun
1271 1788 1273 1803 ,

117 1818 220 1880 tertius
234 1818 357 1897 quisque
371 1830 538 1879 constanter
551 1820 662 1879 iambos
676 1821 779 1880 habet:

193 1955 251 2035 τςίν
262 1955 307 2029 μὲν
320 1951 384 2031 ’τ’χονν
397 1953 524 2035 κιςβὶςιον,
546 1953 702 2034 καλυμμὲ
712 1953 881 2032 ἰσφηκυμὲνσν,

194 2040 240 2095 ml
253 2037 365 2108 ξυλίνους
378 2035 562 2116 οἱστςοογοίλους
577 2039 597 2103 ἔν
612 2041 667 2109 siri,
687 2043 734 2098 ml
746 2037 824 2112 1,ῐοιλὶν
838 2043 895 2120 τις)

236 2121 382 2199 thespin·
396 2159 403 2175 .
418 2158 425 2174 .
439 2119 497 2187 βοᾶς
660 2185 663 2191 Ι

195 2197 325 2259 νιο’τλυτον
339 2196 433 2276 sinopae
446 2207 525 2266 κσυιῖῐς
539 2198 657 2272 anila,
678 2199 847 2280 οἱςτοννᾶλιτιν
886 2236 892 2248 ι

133 2284 154 2342 Ξ
193 2280 407 2361 κῆθνλοπᾶςνοισιν
422 2280 524 2356 ὅμιλὲονν
538 2284 550 2340 ο’
565 2288 663 2364 satagit
673 2281 811 2363 Ἀζάνων,

235 2359 353 2432 κίβδηλον
367 2364 480 2443 ου’ςίσνιονν
493 2363 555 2432 βίον,

193 2446 283 2503 πολλοὶ
297 2444 339 2517 μὲν
353 2444 374 2500 ἔν
387 2442 455 2523 longi
468 2446 544 2508 τιθοὶς
558 2442 663 2518 crinita,
685 2446 777 2503 πολλοὶ
789 2440 813 2501 θ’
826 2443 846 2502 ἓν
859 2443 953 2523 vermi,

191 2527 287 2583 πολλοὶ
301 2520 326 2581 δὲ
341 2523 404 2601 νότον
418 2525 517 2604 σκυτίνῃ
525 2523 639 2600 μάστιγι
651 2522 804 2600 θωμιχθείς,
824 2524 901 2600 stipat
941 2582 944 2587 ,

234 2603 346 2676 τόγυνοῖ
355 2606 378 2662 τ’
395 2605 568 2680 ἐκτετιλμένος·

115 2691 152 2747 10
192 2684 267 2748 νῧνῗ
282 2687 402 2756 ἓπιβυιίνυ
417 2687 538 2754 castrias,
561 2686 659 2770 χςῖνσιοι
672 2685 761 2768 <vogien
774 2686 930 2767 κκθὲςμσιτιν,

194 2775 256 2835 τοῖς
271 2771 283 2827 i
299 2768 392 2838 Kinna,
413 2773 457 2829 ael
472 2767 615 2834 σκιαδίσκην
629 2770 779 2846 ἐλιφονντίνην
789 2775 859 2850 φοςιῖ

234 2851 443 2923 priscilianistis
457 2892 464 2907 .
481 2891 489 2908 .
503 2893 512 2908 .

113 2980 194 3040 Nihil
208 2979 238 3036 iu
251 2980 297 3036 his
310 2979 430 3050 mutavi,
451 2979 506 3037 nisi
520 2978 599 3057 quod
611 2979 746 3039 lacunam
760 3001 788 3038 v.
802 2985 831 3038 3.
845 2978 979 3049 indicavi,
1001 2987 1073 3038 etv.
1089 2984 1117 3040 8.
1131 2981 1153 3039 ἐν
1169 2986 1224 3037 antt

112 3065 177 3142 volva
191 3060 296 3131 delevi,
310 3080 338 3119 v.
354 3067 400 3121 11.
415 3071 513 3119 autom
527 3059 681 3119 articulum
695 3060 802 3121 addidi.
844 3062 968 3130 Caetera,
983 3079 1049 3140 quoe
1061 3067 1226 3140 paucarum,

109 3144 160 3204 alii
171 3145 232 3222 Jam
246 3153 445 3202 correxerant.

153 3231 182 3288 9.
205 3220 388 3284 Tetrametro
411 3223 584 3284 catalectico
606 3235 636 3284 et
660 3223 764 3303 tragici
788 3223 833 3283 usi
852 3233 921 3283 snut
942 3234 972 3284 et
992 3222 1100 3283 comici
1112 3233 1144 3284 et
1155 3216 1225 3302 lyrici

113 3307 240 3390 quidam.
281 3307 385 3386 Eurip.
401 3305 527 3390 Hermi.
541 3311 612 3368 639.

193 3426 212 3483 οὶ
226 3423 306 3490 νιᾶτοος
318 3449 361 3499 μοι
376 3426 449 3498 φίλον
462 3421 557 3501 ἔχθος,
579 3428 608 3481 τὸ
623 3420 649 3482 δὲ
660 3428 740 3504 pipat
754 3423 811 3481 οἷοί.

113 3542 282 3611 Anacreon,
304 3543 387 3619 cnjus
410 3556 498 3619 supra
518 3538 653 3618 exempla
666 3537 799 3596 dedimus
812 3556 851 3596 ex
866 3534 1089 3615 Hephaestione,
1109 3530 1223 3594 scamis

111 3621 178 3680 loco
193 3621 339 3700 dipodiam
353 3623 506 3681 iambicam
520 3621 633 3699 posuit:
654 3617 733 3699 quod
747 3618 795 3678 illc
809 3618 833 3676 si
847 3618 1017 3677 constanter
1029 3614 1110 3690 iecit,
1132 3626 1164 3675 nt
1174 3613 1229 3674 Eu:

111 3703 196 3780 polis,
219 3706 302 3782 cujus
325 3703 452 3762 sedecim
476 3705 592 3774 versus,
608 3721 681 3781 quos
707 3701 867 3760 Athenaeus
890 3698 945 3759 VI.
966 3720 995 3778 p.
1016 3702 1085 3762 236.
1103 3693 1223 3767 servarit»

112 3783 282 3843 emendatos
304 3783 370 3842 vide
394 3783 472 3863 apud
496 3783 694 3843 Gaisiordium
719 3804 748 3861 p.
769 3785 839 3844 296.
860 3780 986 3840 dubitari
1007 3790 1114 3860 potest,
1135 3773 1224 3844 anili
1240 3814 1251 3839 -,

112 3881 201 3940 quum
215 3864 338 3924 iambica
351 3865 468 3942 dipodia
481 3865 590 3945 ubique
603 3865 725 3945 primam
739 3864 879 3943 syllabam
899 3863 1019 3924 brevem
1038 3862 1156 3935 habeat,
1176 3874 1224 3919 nou
1248 3900 1254 3923 ι

112 3943 310 4019 choriambici,
330 3946 382 4006 sed
396 3945 551 4023 logaoedici
564 3947 632 4018 sint,
654 3947 710 4006 hac
723 3946 833 4007 format

191 4076 807 4160 Lw-u-u-issw-u-ua

190 4214 266 4269 ἀλλὰ
279 4210 386 4286 h'anar,
407 4214 436 4286 iia
447 4212 567 4294 ἰ’χουσόἱ
582 4213 688 4280 sinuata
701 4222 762 4296 τςὶς
777 4219 854 4290 ὑμᾶς.

112 4340 206 4422 quue
225 4342 405 4406 rensimilius
419 4346 543 4407 videtur.
584 4345 663 4407 Vere
684 4357 854 4407 tetrameter
875 4340 1090 4406 choriambicua
1109 4352 1165 4414 cst,
1183 4333 1231 4398 niti
