2694 4866
526 314 607 377 ΠΒ.
628 315 654 376 Ι.
678 313 771 377 CAP.
792 314 829 374 V.

207 519 218 544 Ι

192 552 266 624 ῑ-υ

193 634 283 667 νυν

114 740 193 802 Nam
213 752 358 808 numeros,
371 733 422 814 qui
435 733 484 792 hic
498 751 599 793 secum
612 740 839 804 commutantur,
859 733 946 812 plane
963 732 1092 794 diversos
1112 751 1187 808 csse,
1201 753 1240 795 an

112 823 159 894 iis,
173 839 238 900 quae
251 834 338 896 supra
356 814 578 894 disputavimus,
604 815 713 874 clarum
727 825 781 874 est.
823 814 882 874 Sed
903 814 1040 895 quoniam
1053 827 1085 875 et
1104 835 1239 876 mensura

114 901 249 982 aequales,
264 911 295 958 et
307 908 427 978 propter
440 896 585 956 incessum
605 915 690 955 suum
704 896 845 955 simillimi
862 908 941 967 sunt,
954 907 1157 976 permutantur
1176 897 1239 958 sinc

115 982 282 1050 offensione,
298 978 453 1058 potiusque
466 977 586 1037 variatio
600 977 650 1036 illa
663 977 773 1056 aliquid
787 978 947 1037 venustatis
960 978 1058 1038 habet.

154 1071 184 1126 4.
205 1062 308 1123 Tertio
328 1069 530 1138 permutantur
553 1059 665 1117 numeri
687 1078 750 1118 nnn
776 1077 985 1120 sotumouau
1011 1077 1137 1120 naseos
1162 1077 1238 1121 corr·

112 1160 272 1210 Juucram
287 1158 356 1201 cum
372 1158 516 1200 ransnos
530 1158 792 1202 counaac'rmun.
833 1141 869 1200 Id
882 1141 945 1200 lieri
962 1140 1079 1201 solitum
1093 1152 1140 1201 est
1151 1142 1182 1200 in
1194 1140 1238 1200 his

112 1229 242 1291 maxime
255 1222 429 1304 dactylicis,
443 1222 493 1302 qui
507 1233 718 1300 anapaestorum
738 1242 846 1282 nomen
864 1222 986 1294 habent,
1007 1233 1112 1301 estque
1124 1222 1164 1282 ad
1175 1240 1238 1282 eam

112 1329 178 1371 rem
191 1308 279 1368 trium
293 1322 479 1363 numerorum
500 1303 727 1363 commutatione
748 1324 831 1383 opus.
871 1305 949 1364 Nam
969 1303 1093 1383 dactylis
1104 1321 1238 1365 mensura

114 1410 210 1472 pares,
224 1406 346 1446 numero
359 1397 457 1445 autem
470 1384 577 1446 similes
589 1396 658 1445 sunt
672 1387 794 1466 spondei
807 1397 838 1446 et
851 1384 1114 1466 proceleusmatici,

197 1502 300 1608 ξυμ

195 1665 315 1731 douo

118 1798 178 1860 Sed
191 1816 280 1876 quum
304 1795 426 1874 spondei
439 1807 470 1856 et
483 1794 735 1875 proceleusmatici
756 1796 874 1877 proprie
895 1817 955 1858 non
969 1796 1055 1858 aliter
1068 1795 1237 1872 commutari

118 1899 185 1942 cum
199 1877 322 1963 dactylis
335 1876 456 1957 possint,
470 1895 557 1962 quam
570 1887 621 1945 aut
634 1877 692 1937 hoc
705 1876 804 1952 modo,

268 1990 276 2015 Ι

196 2023 393 2096 ΗΜΤΜυ-.

114 2198 166 2252 aut
178 2187 247 2261 lroc,
342 2272 345 2278 Ι

195 2321 395 2387 υυ-Ι-υυα-ιι

195 2402 419 2467 υυόυυυυυ

113 2531 194 2616 quod
205 2531 252 2591 his
264 2531 358 2597 modis
371 2532 438 2592 solis
452 2532 530 2592 salva
543 2543 641 2593 manet
654 2532 715 2606 lex,
727 2553 791 2614 quae
805 2546 936 2617 tempora
945 2538 1056 2601 thetica
1063 2539 1120 2601 arsi
1130 2543 1234 2622 maJorr

114 2632 178 2674 esse
190 2624 288 2674 vetat:
307 2624 405 2699 tamen
419 2613 507 2673 etiam
520 2614 578 2674 hoc
591 2615 679 2675 modo
693 2617 876 2697 copulantur,

193 2728 410 2794 uu‡.vu-
467 2804 472 2817 Ι

144 2849 147 2856 ’
193 2812 412 2877 ᾳ-ύυ-υυ

113 2944 188 3010 Quae
202 2944 276 3004 ratio
300 2963 391 3030 quum
404 2953 505 3023 aperte
517 2944 576 3023 legi
600 2964 788 3007 numerorum
808 2961 964 3028 repugnet,
988 2971 1047 3010 non
1070 2961 1172 3032 potest
1188 2951 1233 3010 illa

112 3024 197 3085 aliter
210 3024 338 3096 defendi,
356 3044 449 3104 ¹quam
463 3036 496 3084 ut
520 3027 745 3102 meminerimus,
766 3030 796 3088 in
810 3029 865 3090 lioc
885 3050 993 3110 genere
1007 3053 1065 3092 non
1085 3045 1146 3103 tam
1160 3053 1234 3095 com·

111 3105 362 3247 ffigrffigffi
373 3124 519 3180 numeros,
533 3127 620 3187 quam
634 3109 783 3198 conjungi,
796 3111 939 3193 simulque
952 3114 1073 3198 percipi.
1113 3115 1191 3182 Nam
1204 3124 1233 3175 ut

194 3302 419 3367 ..όυ-υυ

111 3450 239 3579 aa?
252 3437 362 3498 habere
375 3436 492 3510 sentias,
506 3437 669 3523 necessario
679 3438 765 3506 simul
778 3418 942 3510 metiendus
952 3453 997 3503 est
1007 3443 1080 3512 aliua
1091 3464 1235 3519 numerus,

112 3533 165 3590 aut
199 3540 237 3593 rc,

113 3763 165 3812 aut
176 3753 236 3825 ille,

194 3882 441 3948 υυόυυυυυ

110 4013 197 4075 Idem
206 4012 270 4073 fieri
284 4015 312 4073 in
326 4013 437 4074 musica
450 4014 537 4076 hodie
550 4018 690 4093 videmus,
705 4020 736 4079 in
750 4042 808 4100 qua
821 4042 1012 4105 quacumque
1026 4024 1171 4089 invenitur
1185 4049 1239 4091 nu·

112 4114 259 4188 merorum
273 4098 406 4190 varietas,
421 4097 645 4190 unoprincipali
659 4103 769 4181 regitur
787 4125 918 4179 numero,
933 4107 983 4186 qui
996 4109 1082 4168 simul
1095 4131 1164 4170 cum
1177 4113 1240 4172 istis

109 4195 240 4240 numerus
259 4179 393 4238 omnibus
411 4179 581 4258 percipitur,
606 4181 657 4261 qui
670 4203 807 4244 numerus
821 4186 845 4245 is
859 4199 913 4259 est,
928 4209 1016 4266 quem
1031 4209 1167 4252 naccum
1190 4214 1240 4254 vo·

112 4270 191 4322 cant.

150 4344 180 4404 5.
202 4340 315 4408 Quarta
327 4359 513 4404 numerorum
523 4343 698 4426 permutatio
709 4345 742 4408 fit
753 4366 815 4410 aaa
828 4366 1140 4422 raausrosrtrounu
1157 4374 1242 4417 ram·
