2694 4866
210 288 269 350 DE
292 288 466 352 CONTIN.
488 286 596 352 NUM.
618 288 777 352 Tuocu.
799 289 917 352 APUD
939 289 1046 353 ROM.
1135 299 1194 358 trs

58 462 126 521 Sum
142 478 203 518 non
217 458 344 520 eliditur.
386 461 475 520 Nunc
489 461 601 541 reliqua
615 460 770 521 trochaicis
783 460 953 540 septenariis
966 461 1075 539 scripta
1088 473 1166 522 sunt.

99 545 148 603 12.
170 541 277 621 Operae
289 541 415 620 pretium
429 554 473 601 est
484 544 648 613 observare,
662 542 816 621 plerosque
826 541 917 614 locos,
931 543 961 599 in
972 543 1076 621 quibus
1087 542 1185 622 plures

55 642 156 682 versus
171 643 229 682 una
253 625 367 682 numeri
386 625 581 703 perpetuitate
606 623 764 694 cohaerent,
778 624 837 682 sive
858 623 1049 694 atrochaico,
1064 624 1125 683 sive
1145 625 1183 685 ab

53 703 181 764 iambico
194 723 316 765 numero
331 704 491 776 ordiantur,
512 700 593 764 inore
607 704 822 764 trochaicorum
837 715 1028 783 systematum
1041 705 1127 777 finiri,
1150 717 1185 765 ut

10 818 14 825 ·
54 785 85 843 in
99 787 159 845 arsi
172 787 374 886 terminentur.
414 787 613 846 Perrarasunt
627 786 772 864 exempla,
785 786 932 864 inquibus
946 785 1062 845 iambici
1071 787 1186 846 numeri

54 867 93 925 ad
106 887 220 928 morem
231 877 423 947 systematum
443 867 633 927 iambicorum
654 867 696 925 sic
710 867 856 938 finiantur,
871 878 904 925 ut
923 866 953 924 in
968 867 1043 926 thesi
1057 868 1180 946 conqui.

54 958 197 1095 aventina*
218 948 267 1010 Ob
290 968 355 1009 eam
379 968 442 1010 rem
464 948 659 1010 memorabilis
682 958 727 1008 εει
749 948 833 1008 locus
854 947 988 1010 Terentii
1007 948 1038 1007 in
1063 951 1186 1028 Hecyra
1215 950 1218 955 '

125 1167 158 1221 B.
170 1180 225 1221 nou
237 1166 288 1222 hdo
301 1168 334 1223 de
347 1166 431 1220 nihilo
443 1177 494 1232 est,
505 1166 576 1238 qnod
588 1164 693 1221 Laches
704 1182 748 1221 me
759 1165 831 1219 nhnc
843 1172 1000 1220 conventam
1013 1182 1072 1220 esse
1081 1163 1184 1237 expetit

125 1254 177 1292 nec
189 1237 234 1307 ρόΙ
247 1257 290 1293 me
301 1239 414 1292 multum
426 1237 505 1303 fallit,
516 1238 588 1308 quin,
601 1237 673 1308 quod
686 1238 731 1291 slis
750 1237 815 1299 icor,
827 1236 870 1301 sit,
882 1237 953 1307 quod
964 1237 1037 1292 velit.

124 1309 159 1362 L.
170 1308 313 1363 videndum
327 1320 377 1373 est,
389 1326 423 1363 ne
435 1310 521 1362 minus
534 1309 642 1378 propter
653 1308 718 1361 iram
731 1256 793 1362 hinc
805 1308 953 1390 impetrem,
964 1326 1043 1379 quam
1054 1307 1163 1380 possim.

126 1391 172 1434 aut
187 1379 221 1433 ne
234 1380 298 1450 quid
309 1379 402 1434 faciam
416 1379 484 1450 plus,
497 1379 569 1450 quod
580 1388 642 1450 post
651 1396 694 1433 me
705 1380 792 1434 minus
803 1377 898 1435 fecisse
909 1378 992 1435 satius
1003 1378 1048 1435 sit.

129 1450 273 1521 aggrediar.
307 1449 428 1516 Bacchis,
440 1451 521 1506 adire.

18 1564 22 1569 ’
59 1566 92 1625 In
107 1581 211 1647 quarto
224 1570 331 1630 horum
343 1555 479 1630 versuum
495 1570 612 1629 ultimus
628 1570 749 1644 iambus,
761 1570 811 1650 qui
825 1582 870 1630 est
883 1570 914 1629 in
926 1569 1022 1631 verbis
1035 1572 1125 1630 satiras
1138 1571 1188 1640 sit,

61 1665 115 1707 non
128 1651 223 1723 aliter,
238 1672 324 1730 quam
346 1653 459 1711 numeri
473 1651 691 1712 continuatione
712 1652 846 1711 excusari
859 1664 966 1730 potest.
1007 1654 1081 1718 Quae
1096 1671 1189 1730 quum

10 1754 15 1785 '.
63 1728 144 1807 plane
157 1732 195 1792 sit
209 1733 323 1807 eadem,
339 1734 414 1793 utin
435 1745 540 1813 quarto
554 1733 629 1812 pede
643 1733 884 1809 septenariorum,
899 1734 937 1793 de
951 1753 1009 1812 quo
1024 1752 1088 1812 cap.
1102 1733 1188 1791 XVI.

10 1810 18 1879 ἐ
68 1815 94 1870 8.
115 1812 227 1873 dictum
251 1826 305 1889 est,
326 1834 386 1873 non
409 1834 481 1893 opus
502 1827 556 1886 est,
572 1826 605 1873 ut
626 1816 680 1874 siet
703 1814 856 1875 scribatur.
897 1815 974 1873 Nam
996 1815 1114 1873 ultimus
1136 1831 1190 1892 pes

10 1882 23 1975 ‘p'
67 1909 204 1967 rmsuurn,
229 1915 353 1974 quorum
377 1915 514 1955 numerus
539 1915 606 1955 cum
628 1896 816 1975 sequentibus
838 1896 976 1968 cohaeret,
997 1897 1100 1956 eadem
1120 1895 1189 1973 lege

10 1974 26 2047 ζ
69 1982 186 2050 tenetur,
202 1996 268 2056 quar
281 1977 369 2036 estin
383 1977 577 2037 commissuris
591 1987 833 2056 asynartetorum,
847 1989 881 2036 ut
894 1977 997 2037 ultima
1010 1977 1120 2057 syllaba
1134 1995 1189 2055 pro

12 2050 29 2133 l·
71 2050 149 2134 lunga
160 2060 307 2117 numerari
321 2058 421 2137 possit.
435 2080 438 2085 ·
461 2060 575 2119 Ibidem
588 2078 617 2118 v.
634 2063 762 2124 17-20.
783 2058 840 2118 alia
852 2058 967 2118 numeri
986 2058 1102 2117 iambici
1117 2076 1190 2118 con·

15 2138 43 2185 l*
73 2134 185 2199 linuatio
199 2140 275 2201 male
288 2140 424 2218 neglecta
443 2153 498 2202 εει.
539 2140 637 2198 Primo
652 2138 779 2199 Bentleii
791 2141 842 2200 sed
853 2141 924 2221 quid
935 2141 1006 2199 istuc
1020 2149 1071 2212 est,
1085 2139 1189 2198 ultima

37 2278 43 2285 ,
73 2220 239 2291 pronominis
258 2222 331 2283 istuc
343 2223 397 2281 sub
418 2221 480 2281 ictu
493 2222 596 2301 posita,
610 2223 647 2280 ab
668 2220 806 2280 hocloco
826 2221 952 2281 alienum
973 2231 1028 2282 est.
1069 2218 1189 2281 Deinde

37 2362 47 2385 .-
77 2298 179 2379 reliqum
204 2322 331 2382 quoque,
354 2323 425 2382 quas
446 2304 526 2374 fecit,
541 2303 716 2362 mutationes
736 2303 849 2362 nullum
863 2300 899 2362 ab
921 2302 1001 2362 libris
1020 2302 1190 2383 praesidium

42 2456 46 2461 Ι
78 2375 180 2456 habent,
194 2386 257 2443 sine
269 2386 335 2443 dum
349 2404 402 2464 pro
416 2385 477 2445 sine
489 2386 592 2455 dicam,
603 2396 633 2444 et
647 2384 788 2443 insertum
799 2404 959 2464 pronomen
973 2393 1011 2444 le.
1051 2382 1190 2444 Donatus

79 2474 132 2553 tum
143 2464 288 2545 plerisque
300 2465 382 2525 libris
394 2465 476 2545 legit,
491 2467 556 2525 dum
570 2477 678 2547 tempus
692 2467 855 2527 consulendi
868 2476 919 2538 est,
933 2465 1042 2525 diserte
1056 2485 1189 2535 monens,

46 2608 49 2627 ἱ
79 2536 149 2605 lain
158 2546 204 2607 his
212 2546 308 2607 verbis
321 2547 373 2609 titi
381 2548 602 2625 intelligendum
616 2567 689 2608 esse.
730 2549 789 2614 Qui
803 2549 921 2626 quidem
936 2547 990 2607 etsi
1001 2546 1089 2607 etiarn
1101 2565 1191 2608 voces
1258 2548 1264 2575 '

51 2650 55 2655 ·
68 2620 210 2716 βριὲονεηι
229 2631 349 2689 amicum
362 2629 464 2701 babet,
478 2643 586 2700 tamen,
608 2650 668 2688 non
681 2629 802 2689 alteram
823 2640 948 2701 tantum,
962 2629 1015 2688 sed
1035 2639 1191 2707 utramque

79 2706 232 2778 ejiciendam
245 2724 329 2789 puto.
371 2711 476 2788 Neque
496 2712 573 2770 enim
586 2710 672 2769 nimis
693 2730 765 2769 rarae
778 2721 847 2770 sunt
867 2711 897 2768 in
912 2710 1052 2770 Terentio
1066 2710 1191 2768 adnota·
1264 2782 1275 2788 .,

80 2782 157 2848 tiones
174 2790 379 2871 interpretum,
403 2812 469 2870 qnae
492 2804 574 2850 tanto
596 2792 708 2850 facilius
732 2812 785 2870 pro
810 2790 945 2870 genuinis
967 2791 1062 2851 verbis
1085 2790 1189 2850 haberi

52 2876 59 2891 ‘
81 2880 230 2954 pttsemnt,
255 2872 305 2932 ubi
328 2892 428 2932 versus
449 2873 553 2952 aliquis
573 2877 652 2952 justo
666 2874 782 2932 brevior
801 2892 864 2933 esse
885 2872 1041 2932 videretur.
1082 2872 1190 2951 Itaque

53 3020 56 3025 ¹
81 2958 150 3093 §luyso
167 2954 267 3013 locum
280 2954 323 3013 sic
342 2953 439 3033 potius
458 2953 647 3014 scribendum
667 2973 730 3014 esse
751 2953 924 3026 existimem,
946 2954 1069 3014 duarum
1081 2973 1191 3014 vocum

52 3048 59 3073 '·
147 3046 341 3096 commutatur
374 3066 378 3075 ¹

15 3177 22 3201 ¹
57 3190 72 3203 ³
134 3174 179 3229 sed
189 3174 256 3247 quid
267 3172 336 3230 istuc
348 3171 411 3230 est?
429 3176 461 3229 L.
474 3174 562 3229 merim
575 3183 693 3245 receptas
703 3172 790 3228 filiurn
803 3172 837 3228 ad
849 3182 877 3228 te
889 3170 1064 3244 Pamphilum.
1088 3171 1121 3226 B.
1131 3170 1175 3225 ah.

10 3257 25 3313 ςῑ
92 3248 95 3255 “
133 3244 233 3301 Lsine
245 3245 343 3299 dicam:
364 3262 473 3299 uxorem
487 3245 555 3299 hanc
567 3248 716 3316 prinsquam
730 3244 815 3309 duxit,
827 3245 944 3298 vostrum
956 3259 1072 3298 amorem
1080 3240 1197 3314 pertulit

31 3378 38 3389 ι
135 3332 224 3371 maner
242 3314 360 3370 nondum
372 3316 452 3369 etiam
465 3316 519 3370 dixi
529 3317 565 3381 id,
577 3317 649 3386 qnod
658 3314 742 3370 voluit
759 3315 804 3369 hic
814 3315 887 3369 ndnc
899 3313 980 3369 habet

133 3387 253 3444 uxorem:
271 3403 360 3458 quaere
371 3386 452 3442 alidm
464 3387 521 3454 tibi,
532 3387 595 3442 dum
607 3386 712 3458 te‘mpus
723 3384 880 3441 consulendi
891 3396 942 3445 est.

62 3502 176 3571 'domm
192 3511 319 3591 'dignum
332 3523 387 3584 est,
408 3511 591 3590 qubdhabet
605 3514 671 3571 cod.
687 3510 768 3589 Lips.
782 3513 833 3571 sed
850 3511 922 3570 istuc
935 3518 977 3568 ert
1009 3509 1081 3568 uid?
1111 3508 1189 3568 Nam

70 3590 185 3652 musa
197 3592 369 3653 comicis'ad
380 3593 552 3653 Graecorum
566 3592 733 3670 exemplum
746 3592 827 3650 dicta
836 3591 921 3649 nimis
932 3530 1067 3666 neglecta
1076 3593 1190 3668 jacent,

23 3722 32 3735 .
75 3670 161 3755 ¹veluti,
175 3686 208 3734 ut
220 3673 280 3734 hoc
294 3688 370 3746 utar,
385 3685 426 3747 ut,
438 3674 683 3753 quemadmodum
697 3672 772 3744 alcas,
783 3692 849 3732 cum
864 3671 1021 3735 indicativo
1036 3682 1188 3735 construc-

81 3757 145 3815 tum(
177 3754 277 3815 Etiam
284 3758 340 3833 'qui
360 3755 491 3833 sequitur
504 3775 613 3830 versus,
626 3754 769 3815 iambicus
787 3753 968 3833 septenarius
988 3763 1043 3826 est,
1058 3752 1108 3831 qui
1122 3751 1190 3823 vida

10 3890 31 3928 Γ,
80 3836 277 3915 inelegantius
289 3837 333 3919 sic
346 3836 483 3897 incedat:
1167 3856 1172 3865 ·

10 3975 12 3982 '
66 3952 74 4039 ¹,
132 3988 194 4027 nam
205 3968 414 4043 nequeilleboc
425 3981 531 4030 aetatem
543 3971 633 4028 inimo
645 3972 704 4041 erit,
715 3990 802 4046 neque
818 3971 864 4044 pdl
875 3971 1010 4028 tuendam
1020 3970 1073 4027 ista
1084 3968 1173 4027 aetite.

94 4074 156 4159 lla.
173 4077 236 4139 Res
248 4077 312 4157 ipsa
323 4089 434 4151 monet,
448 4090 483 4139 ut
494 4078 545 4149 hic
557 4079 596 4139 de
614 4079 750 4140 clamulis
764 4079 903 4140 dicamus.
931 4077 993 4137 'De
1005 4077 1051 4137 bis
1066 4077 1190 4137 Rufinus

72 4176 101 4237 l·
116 4162 205 4225 W·
219 4156 363 4221 charobs
370 4160 496 4241 primum
509 4159 668 4243 appellatos
680 4161 787 4237 dicant,
809 4161 885 4244 qnod
903 4157 1067 4223 clauderent
1079 4167 1190 4220 teratru-

70 4242 152 4303 lltmr
175 4240 297 4322 alapud
310 4242 432 4315 Allium,
450 4305 453 4309 ,
532 4326 535 4333 ,

131 4376 169 4420 m
179 4356 305 4433 natjan
312 4359 394 4425 obliti
404 4371 467 4425 suut
478 4359 643 4511 Phryges?P
