2694 4866
429 216 488 276 DE
509 215 651 278 VERSU
671 213 876 280 HEROICO.
1161 228 1219 290 217

91 405 268 451 mutarum
290 385 379 446 modo
401 386 543 457 volubilis,
564 384 652 445 modo
675 387 783 464 gravis;
803 387 891 447 modo
912 386 996 460 lenis,
1015 390 1104 449 modo
1117 409 1216 470 asper-3

91 470 178 532 nodo
201 469 329 541 sedatus,
359 468 447 527 modo
471 467 596 547 agitatus
620 478 673 527 est.
714 467 815 546 Atque
838 468 903 526 lraec
931 471 1065 528 ordinum
1092 473 1217 535 varietas

91 550 304 631 quodammodo
317 551 347 607 in
360 549 480 628 singulis
500 549 629 608 versibus
650 549 815 627 requiritur.
858 548 883 607 li
907 550 985 609 enim
1007 563 1075 610 sunt
1099 556 1215 632 pessimi

91 651 197 705 'et-sus,
219 632 269 710 qui
282 630 399 690 nimiam
412 632 521 690 habent
534 630 668 689 ordinum
677 629 905 702 similitudinem,
931 643 963 691 nt
984 632 1074 711 quium
1094 634 1125 691 in
1146 635 1218 696 duas

91 732 103 772 s
126 714 214 773 uales
236 723 334 793 partes
354 712 492 771 dividitur
513 731 622 785 versus,
642 711 719 771 sicut
739 711 818 794 apud
832 711 959 772 Ennium
974 713 1044 775 VII.
1059 717 1170 776 Annal.
1185 718 1217 776 in

91 735 130 857 ni.
148 794 278 855 Merulae
291 814 320 873 p.
333 797 403 858 417.
1137 800 1144 809 ‘

157 927 235 982 Poeni
242 938 425 999 pervertentes
435 926 549 983 -omnia
561 927 782 994 circumcursant3

91 1046 128 1106 *el
144 1066 239 1125 quum
253 1047 358 1126 singuli
371 1047 462 1128 pedes
481 1048 624 1109 vocabulo
648 1048 850 1125 terminantur,
872 1058 905 1109 ut
926 1049 1005 1130 apud
1029 1051 1165 1114 eumdem
1185 1074 1217 1134 p.

90 1132 159 1189 169.
174 1127 222 1190 ed.
234 1129 350 1190 Hessel.

157 1244 255 1316 sparsis
266 1245 347 1302 hastis
358 1246 444 1316 longis
453 1265 560 1318 campus
573 1247 693 1319 splendet
705 1258 733 1302 et
744 1247 834 1303 horret
838 1267 848 1316 ς

90 1347 139 1407 etsi
154 1347 304 1406 interdum
318 1349 348 1407 id
362 1368 420 1407 non
435 1351 496 1408 sine
511 1350 635 1428 quadam
648 1349 756 1409 virtute
769 1350 813 1422 lit,
835 1362 868 1410 ut
882 1351 913 1410 in
926 1351 983 1412 alio
997 1354 1127 1433 ejusdem
1147 1355 1219 1435 poe·-

90 1446 122 1487 :ae
137 1448 238 1501 versu,
259 1428 338 1507 apud
351 1429 497 1489 Merulam
511 1451 539 1509 p.
554 1430 625 1493 354.

156 1544 279 1618 disperge
290 1545 382 1612 hostis,
399 1545 524 1614 distrahe,
536 1547 625 1614 didus,
645 1548 741 1615 divide,
760 1516 843 1603 differ.

90 1648 280 1709 ”drammatici
293 1649 457 1729 hujusmodi
467 1669 582 1709 versum
598 1653 752 1732 111ῥρ191111
766 1661 886 1709 vocante
910 1672 938 1712 v.
957 1651 1050 1715 schol.
1064 1654 1222 1732 Hephaesti

90 1736 179 1810 p-9l.
196 1734 283 1814 (178.
297 1731 344 1791 ed.
358 1731 468 1811 Gaias.)
482 1743 513 1790 et
528 1730 662 1791 Eustatb.
675 1751 704 1810 p.
720 1735 789 1795 740.
806 1731 869 1791 init.
885 1733 974 1815 (635,
997 1735 1062 1814 32.)
1101 1735 1159 1793 Vix
1174 1748 1221 1797 est

90 1823 199 1885 sutem,
220 1811 299 1892 quod
312 1812 403 1890 magis
416 1813 569 1890 displicere
582 1813 697 1880 debeat,
723 1831 915 1890 quamquam
935 1814 973 1871 ad
997 1815 1216 1876 similitudinem

89 1895 225 1954 ordinum
246 1893 333 1952 etiam
354 1893 486 1952 debilitas
499 1895 625 1953 accedit.
668 1894 763 1952 Recte
777 1892 855 1951 enim
868 1894 1031 1954 observavit
1048 1894 1166 1956 Vossius
1180 1897 1220 1956 ad

89 1974 192 2072 ngil.
208 1974 319 2055 Georg.
334 1975 392 2036 111.
407 1981 478 2039 519.
492 1976 638 2036 neminem
651 1984 783 2033 veterum
796 1973 850 2033 hos
871 1992 1008 2036 numeros
1025 1976 1219 2057 probaturum

89 2054 189 2130 Fuisse,

159 2177 218 2234 sole
228 2176 341 2232 cadente
347 2179 477 2247 juvencus
488 2186 576 2232 aratra
586 2176 694 2252 reliquit
710 2176 739 2233 io
756 2194 829 2235 arvo.

134 2288 182 2344 19.
207 2281 282 2340 Sunt
294 2280 324 2338 in
344 2280 401 2340 hoc
414 2298 523 2358 genere
537 2280 686 2354 nonnulla,
706 2281 738 2340 in
759 2282 864 2360 quibus
884 2280 1058 2342 Latinorum
1079 2283 1222 2359 severior,

89 2381 178 2441 quam
194 2363 366 2421 Graecorum
380 2381 448 2420 usus
461 2373 516 2434 est,
537 2381 595 2420 non
611 2362 689 2441 quod
703 2363 744 2421 illi
754 2362 888 2422 meliores
902 2381 1015 2435 versus,
1036 2383 1124 2441 quam
1134 2365 1219 2424 Grae·

89 2446 129 2516 ci,
150 2444 284 2515 fecerint,
304 2443 356 2501 sed
369 2443 448 2520 quod
461 2443 560 2522 lingua
573 2463 675 2504 eorum
688 2463 747 2503 non
762 2455 843 2503 tanta
857 2443 991 2504 libertate
1004 2445 1123 2522 gaudet.
1146 2446 1220 2508 Ete-

89 2526 151 2584 nim
174 2545 263 2604 quum
285 2524 384 2583 Graeci
404 2537 568 2598 accentum,
589 2525 639 2605 qui
652 2527 781 2605 ipsorum
794 2537 839 2585 est
851 2525 1058 2585 vocabulorum
1073 2526 1219 2607 proprius,

89 2602 122 2663 in
144 2606 273 2666 versibus
296 2625 356 2665 non
378 2605 501 2665 multum
524 2625 627 2666 curare
650 2607 773 2679 soleant,
793 2606 865 2665 nibil
886 2603 1083 2679 offenduntur,
1104 2609 1129 2667 si
1142 2609 1219 2670 ictus

90 2688 205 2747 metrici
229 2688 300 2746 alios
323 2687 353 2745 in
374 2688 467 2759 locos,
488 2706 575 2765 quam
599 2699 749 2761 accentus,
772 2687 915 2748 incidunt
958 2690 1084 2749 Romani
1107 2701 1217 2761 autem,

89 2769 145 2828 etsi
158 2769 212 2847 ipsi
226 2788 353 2848 quoque,
372 2778 402 2827 et
415 2769 541 2828 maxime
555 2769 585 2826 in
598 2769 718 2828 heroico
727 2786 821 2838 versu,
844 2779 998 2828 accentum
1009 2771 1219 2830 vocabulorum

91 2850 241 2929 negligere
255 2851 429 2921 debuerunt,
450 2861 547 2909 tamen
562 2851 701 2910 interesse
714 2850 824 2928 aliquid
837 2862 1000 2922 senserunt,
1022 2871 1079 2928 quo
1094 2851 1124 2910 in
1137 2852 1217 2926 loco,

93 2932 213 3011 esquali
228 2933 258 2989 in
278 2931 420 2991 vocabulo
440 2931 471 2989 id
493 2932 588 2992 fieret.
631 2932 672 2990 Et
693 2952 784 3010 quum
806 2931 878 2991 illud
902 2931 1083 3010 potissimum
1105 2945 1219 2993 naturae

91 3003 205 3071 Latinae
219 3013 325 3092 linguae
339 3024 494 3092 repugnet,
514 3013 538 3070 si
553 3013 582 3071 in
595 3013 653 3072 fine
667 3024 810 3072 acuantur
822 3013 975 3086 vocabula,
996 3014 1114 3094 operam
1128 3015 1219 3075 dede·

93 3104 169 3165 runt,
182 3105 215 3153 ut
225 3095 255 3153 id
268 3095 298 3151 in
312 3114 396 3153 versu
409 3093 529 3154 heroico
545 3095 646 3153 eadem
660 3094 783 3165 ratione,
805 3113 863 3174 qua
875 3093 906 3152 in
919 3094 1050 3155 versibus
1063 3097 1219 3157 trochaicis

92 3186 178 3254 atque
193 3162 334 3248 iambicis,
354 3175 394 3235 ibi
414 3186 528 3234 tantum
542 3175 683 3248 facerent,
704 3176 747 3234 uti
768 3178 869 3236 evirari
883 3195 941 3235 non
963 3187 1072 3255 posset,
1092 3177 1112 3234 i.
1136 3197 1163 3237 e.
1188 3178 1220 3237 iu

91 3258 229 3328 secunda,
250 3258 345 3326 tertia,
368 3268 471 3336 quarta
484 3256 550 3316 arsi.
591 3257 649 3316 His
662 3258 739 3316 enim
753 3257 783 3315 in
804 3257 876 3317 locis
896 3253 953 3315 nisi
975 3256 1006 3315 id
1028 3258 1218 3330 concedatur,

94 3350 151 3397 non
164 3339 265 3399 licebit
278 3338 375 3397 facere
389 3339 602 3398 hexametrum.
644 3339 680 3397 ln
691 3338 795 3418 quinta
808 3356 877 3397 veto
890 3348 1032 3416 sextaque
1051 3341 1108 3398 arsi
1128 3343 1220 3419 majo·

93 3431 151 3479 rem
165 3421 301 3480 viderunt
315 3420 479 3480 cautionem
493 3418 687 3480 adhibendam
700 3439 775 3483 esse.
816 3418 894 3479 Nam
908 3418 987 3479 circa
999 3418 1088 3478 finem
1097 3439 1218 3494 versus,

93 3513 125 3560 ut
143 3521 222 3580 saepe
242 3501 415 3574 monuimus,
437 3500 589 3560 cultiorem
614 3519 649 3559 ac
672 3500 836 3561 nitidiorem
859 3500 946 3559 decet
967 3519 1120 3560 numerum
1143 3520 1219 3573 esse,

92 3584 216 3642 remissis
224 3588 285 3664 jam
299 3583 417 3654 viribus,
438 3595 469 3642 et
482 3602 552 3641 aure
566 3583 648 3642 linito
662 3602 747 3641 versu
769 3601 873 3641 sonum
896 3581 977 3659 quasi
998 3581 1142 3640 retinente
1166 3581 1219 3640 ali-

92 3664 240 3743 quamdiu.
277 3664 368 3736 Hinc,
393 3664 473 3742 quod
487 3665 570 3724 multi
583 3663 766 3743 praecipiuot,
786 3681 901 3721 versum
914 3661 1065 3722 heroicum
1079 3681 1140 3720 non
1153 3681 1218 3724 esse

91 3746 306 3807 terminandum
319 3744 462 3804 vocabulo
476 3745 674 3825 tetrasyllabo,
688 3747 772 3822 cujus
786 3744 852 3801 dure
864 3743 975 3822 priores
989 3742 1219 3824 syllabaebreves

89 3830 157 3902 sint,
177 3848 239 3887 non
252 3839 372 3907 propter
385 3825 470 3885 istam
484 3845 586 3885 vocem
606 3845 707 3885 verum
726 3836 782 3898 est,
803 3823 855 3883 sed
876 3835 996 3903 propter
1018 3844 1120 3884 vocem
1143 3844 1223 3903 praeq

87 3927 230 3987 grossam,
273 3911 348 3974 Qum
367 3908 392 3967 si
405 3919 566 3987 anapaestus
581 3919 635 3980 est,
655 3925 739 3986 asper
753 3915 797 3966 est
811 3916 842 3965 et
854 3905 979 3966 insuavis
992 3925 1102 3981 versus,
1123 3916 1156 3968 ut
1169 3905 1219 3968 hic
1247 3966 1251 3977 ,

87 3986 224 4052 Lucretii
233 3990 280 4050 -11.
294 3992 345 4054 77.

158 4108 307 4180 augescunt
318 4107 377 4162 aliae
388 4118 489 4179 gentes,
498 4105 616 4163 -aliie-
628 4105 792 4164 minuuntur.

87 4216 188 4286 Quare
202 4210 341 4293 praenitti
353 4211 428 4275 solet
441 4210 556 4292 longior
569 4229 637 4282 vox,
658 4221 693 4270 ut
705 4210 785 4293 apud
801 4206 966 4290 Virgilium,

432 4318 439 4329 ’
625 4328 651 4389 E
671 4345 689 4388 e
