2694 4866
309 260 368 323 DE
389 252 578 323 NUMERO
599 251 923 318 ANTISPASTICO.
1126 260 1186 352 14}

92 440 123 497 8.
145 430 337 512 Autispastici
350 427 535 499 monometri,
555 425 606 506 qui
618 438 718 486 versus
731 442 813 485 rarus
826 434 882 500 est,
905 422 1074 506 exemplum
1086 436 1185 490 exsut

90 517 132 576 ud
147 513 321 594 AEschylum
334 513 364 572 in
379 512 461 592 Sept.
475 510 513 570 ad
527 508 621 570 Theb.
637 511 705 570 155.
722 510 791 570 164.
997 517 1000 528 '

132 629 156 693 al
165 627 339 713 ulusy''‘Hpas.

133 710 157 772 ὖ
170 702 380 793 pistrinum

89 848 131 891 am
152 825 355 906 antispasticos
368 843 432 886 esse
445 824 501 884 hos
514 840 613 883 versus
626 838 686 881 non
706 819 828 889 dubium
846 829 903 895 est,
923 816 992 900 quia
1011 823 1101 885 medii
1117 834 1188 887 sunt
1288 846 1291 854 ¹

89 909 340 972 terdouhmiacos.
1195 917 1198 937 ¹

94 999 131 1056 9.
149 983 276 1050 Dimetri
290 989 457 1068 exemplum
475 987 507 1046 in
526 985 658 1068 ejusdem
678 986 775 1066 po'e‘tae
796 983 1020 1064 Agamemnone
1042 984 1191 1051 invenisse

89 1074 127 1134 ihi
139 1073 241 1132 videor
253 1091 283 1130 v.
297 1075 386 1133 1151.
402 1075 490 1132 1161.
826 1092 829 1096 ·

135 1193 205 1268 κ’μον
214 1190 304 1268 s’s'topm
321 1187 363 1249 sbi
375 1215 412 1256 τις
427 1187 518 1262 isabel.

135 1272 197 1335 τίδ’
211 1274 326 1346 ivs‘ooaa
339 1269 462 1349 doopdsp
475 1271 598 1348 κλαγγᾷ.
696 1295 699 1301 ·
803 1314 805 1321 ,

89 1394 127 1451 loo
140 1407 258 1470 quoque
271 1405 364 1465 genus
377 1384 522 1444 rarissime
541 1382 678 1462 reperias.
719 1383 821 1463 Atque
840 1382 987 1446 observari
1006 1385 1105 1460 velim,
1128 1405 1189 1448 non
1226 1396 1228 1400 ’

89 1491 145 1533 uros
160 1473 274 1529 'unctos
287 1488 351 1528 esse
365 1467 549 1545 antispastus,
568 1464 620 1525 sed
639 1464 763 1525 alterum
776 1463 969 1526 solutionibus
989 1467 1133 1528 mollitum
1156 1479 1190 1530 et

88 1573 144 1632 oga
198 1550 236 1610 ali
249 1569 267 1609 a
280 1561 420 1629 aequente
435 1547 603 1618 discretum,
624 1557 658 1606 ut
671 1545 811 1641 asperitas
824 1547 937 1609 numeri
947 1548 1140 1630 mitigaretur,
1158 1561 1191 1612 et

89 1645 193 1695 nutura
205 1631 313 1692 certius
331 1640 493 1710 appareret.
534 1627 691 1707 Euripides
704 1646 735 1686 ru
756 1627 858 1709 Suppl.
878 1632 948 1692 836.
978 1629 1093 1692 duobus
1116 1631 1194 1695 anti·

89 1715 161 1776 ustis
174 1714 205 1772 in
217 1711 276 1791 fine
290 1711 452 1772 Bacchium
465 1709 588 1783 addidit,

139 1826 265 1891 Oidm'dss
274 1827 383 1908 deipara
396 1827 498 1905 ῥιπὴ)
512 1824 573 1901 ἦλθ’
587 1826 703 1911 'Egttttlts

96 1946 134 2009 ita
143 1944 337 2005 dimetiendos
350 1956 396 2005 est
410 1944 579 2004 hievernus.
621 1944 704 2006 Idem
717 1944 749 2002 in
764 1943 856 2005 Herc.
865 1945 923 2005 fur.
934 1949 1003 2015 919.
1014 1957 1142 2027 systema
1151 1962 1192 2021 ex

89 2029 152 2088 ibus
168 2026 332 2107 antispastis
342 2026 500 2086 etduobus
513 2025 667 2111 dochmiis,
688 2037 722 2085 ut
735 2026 859 2098 videtur,
877 2029 1060 2108 composuita

141 2146 212 2219 Alps,
231 2147 288 2206 τίνι
301 2145 391 2227 agla-os
404 2143 475 2205 iove.
487 2144 571 2205 balbus
584 2146 624 2204 int
637 2143 758 2227 pista-lpas
770 2170 820 2204 ass·

140 2228 177 2287 ad
189 2224 261 2301 saida,
281 2225 408 2304 τλήμονάς
422 2252 449 2287 rs
461 2223 559 2287 aem'lus
572 2226 668 2304 rixas.

89 2353 246 2421 luamqnam
260 2342 290 2400 in
303 2340 469 2422 hujusmodi
483 2341 555 2401 locis
568 2360 615 2401 res
635 2339 720 2402 valde
739 2339 878 2423 ambigua
899 2351 954 2403 est.
995 2340 1074 2424 Nam
1090 2343 1141 2407 ille
1163 2345 1196 2408 in

89 2424 249 2515 upplicibus
273 2442 372 2484 versus
396 2423 484 2482 etiam
505 2423 629 2502 dimeter
649 2422 838 2483 dochmiacus
860 2418 1116 2504 hypercatalectus
1129 2435 1196 2501 essse

89 2517 173 2578 otest;
193 2514 324 2587 systema
347 2515 456 2576 autem,
477 2504 558 2584 quod
578 2524 617 2564 ex
639 2504 772 2564 Hercule
785 2503 945 2578 attulimus,
965 2507 1076 2587 rachis,
1097 2511 1196 2589 prouti

89 2615 135 2649 oso
157 2597 209 2648 aut
230 2585 318 2648 iocoso
337 2586 429 2664 legas,
450 2584 563 2646 duabus
586 2586 632 2645 sel
653 2587 746 2645 tribus
769 2587 869 2666 primia
891 2587 1019 2667 syllabis,
1039 2589 1135 2651 totum
1154 2594 1196 2652 'ei

89 2666 206 2730 ucbmiis
219 2679 354 2728 constare
367 2667 522 2728 videbitur.
563 2666 733 2746 Elegantius
747 2679 845 2729 tamen
858 2673 997 2731 nunre'rus
1011 2683 1067 2746 est,
1086 2672 1197 2749 sianti'.

89 2751 178 2830 pastis,
199 2761 232 2810 ut
245 2749 382 2822 indicavi,
401 2750 533 2818 metiare.
1046 2752 1050 2765 ’
1128 2752 1141 2827 ‘j
1166 2764 1168 2768 “

109 2838 153 2907 10.
176 2831 294 2892 Deinde
313 2830 438 2904 numeri,
455 2830 509 2911 qui
528 2841 702 2912 perpetuata
723 2831 860 2911 oratione
885 2832 1106 2913 conjungantur
1128 2853 1201 2896 oum

89 2916 248 2995 utispaatu,¹
265 2925 317 2972 aut
337 2923 500 2993 sequuntur
523 2924 601 2986 eum,
616 2924 684 2972 aut
704 2913 894 2975 antecedunt.
942 2915 1002 2980 Qui
1024 2916 1200 2996 sequuntur,

89 2995 235 3074 lerumque
258 2995 374 3055 iambIci
394 3006 473 3068 sunt,
494 3007 544 3055 aut
565 2992 739 3064 dochmiaci,
760 3014 827 3072 raro
847 2995 985 3074 truchoei;
1004 2997 1056 3077 qui
1069 3010 1201 3074 ‘antece-

90 3090 151 3150 unt,
169 3076 287 3137 iambici
301 3096 365 3137 esse
378 3077 474 3137 solent
488 3088 540 3136 aut
552 3076 703 3157 dactylicis
725 3076 872 3139 interdum
886 3078 1119 3155 etiamtrochaei.
1143 3080 1200 3143 Di·

89 3173 149 3219 atur
171 3159 266 3238 primo
286 3160 324 3219 de
338 3159 382 3233 iis,
404 3159 454 3238 qui
466 3169 639 3238 sequuntur,
659 3178 699 3219 ex
712 3159 818 3239 quibus
831 3158 1018 3221 dochmiacos
1031 3180 1111 3222 nunc
1124 3178 1199 3242 prae,-

89 3240 263 3311 srmittimus,
284 3242 364 3320 quod
377 3241 415 3300 de
428 3240 473 3300 his
487 3240 562 3301 iufra
575 3240 698 3301 seorsim
707 3241 833 3302 dicetur.
987 3249 989 3254 ’
1063 3314 1066 3318 ⁴

109 3327 156 3384 11.
177 3321 271 3382 lambi
284 3322 373 3401 igitur
383 3340 473 3417 quum
486 3321 677 3402 antispastum
690 3333 862 3402 sequuntur,
882 3323 1057 3404 antispastus
1070 3325 1198 3406 plerum-

89 3422 126 3480 ue
139 3403 226 3499 longa
239 3403 350 3485 syllaba
363 3404 546 3476 terminatur,
567 3423 626 3484 quo
639 3403 752 3464 facilius
766 3403 861 3463 dirimi
875 3402 1059 3485 discernique
1072 3408 1110 3467 ab
1127 3407 1200 3469 iaa-

89 3485 225 3565 ispossst.
256 3484 335 3544 'Non
349 3485 383 3544 fit
396 3495 494 3545 tamen
513 3484 575 3545 huc'
593 3504 719 3565 semper,
739 3486 792 3546 sed
814 3506 891 3566 saepe
915 3488 1093 3568 ambiguum,
1107 3487 1201 3548 videri

89 3579 175 3640 utem,
195 3567 297 3647 siquis
311 3585 370 3626 nun
385 3568 548 3627 universam
562 3567 697 3643 carminis
710 3567 841 3627 indolem
862 3569 1012 3649 respiciat,
1024 3564 1127 3630 ‘utrum
1147 3575 1200 3630 an'·

89 3652 199 3728 spnsto,
218 3649 327 3710 analio
341 3668 575 3710 numeroaemus
589 3649 718 3728 incipiat.
758 3649 808 3708 Ita
826 3644 1033 3729 amphibracho
1053 3651 1101 3711 vel
1125 3653 1201 3712 Bac·

89 3731 135 3791 hio
148 3729 224 3809 antis
276 3742 339 3790 tum
352 3742 504 3811 sequente,
524 3730 549 3789 si
561 3730 663 3809 ultima
674 3731 826 3814 antispasti
835 3732 931 3812 brevis
943 3744 1000 3815 est,
1020 3752 1121 3795 sersus
1140 3752 1201 3811 non

89 3824 165 3874 otest
177 3831 199 3873 a
213 3883 217 3889 ¹
234 3804 407 3894 bepecrateu
420 3810 574 3895 &⁵9⁰¹an
655 3810 681 3873 ’,.
700 3862 709 3870 .,

148 3968 423 4000 υ--υυ-υ

89 4050 168 4133 lujus
181 4050 301 4129 quidem
315 4050 431 4130 generis
444 4051 620 4131 exemplum,
643 4051 722 4132 quud
736 4053 956 4133 antispasticum
975 4052 1022 4137 sit,
1043 4073 1124 4137 npnu
1141 4070 1204 4114 non

89 4135 162 4195 abeo
175 4132 208 4192 in
219 4143 367 4213 promptu.
410 4134 469 4193 Sed
483 4135 533 4213 qui
546 4134 665 4213 plenum
680 4123 838 4200 diiambum
846 4135 1006 4218 antispasto
1014 4136 1203 4215 subjunctum

89 4217 167 4290 ubet,
189 4214 337 4274 invenitur
350 4215 380 4273 in
396 4215 528 4298 AEschyli
543 4216 676 4297 Chue'ph.
688 4221 759 4279 383.
929 4222 932 4230 '
1050 4242 1056 4255 “

146 4333 290 4413 {paparium
299 4318 457 4412 statui-pac.
578 4368 581 4372 >
