2694 4866
256 350 258 354 .
331 285 389 348 DE
412 282 617 348 VERSIBUS
639 283 907 350 DACTYLICIS.
938 317 942 323 ·
1123 295 1183 354 203

77 461 182 517 [untur.
214 455 413 518 inceduntilli
424 456 487 517 fere
497 408 635 536 'dipcdiiq
650 454 788 536 descripti
801 451 974 538 plerumque
987 457 1021 517 in
1033 456 1181 530 dimetros,

77 548 243 608 trametros,
269 539 465 601 hexametros.
508 537 613 597 Rarius
624 538 790 596 trimetrum
804 550 834 597 et
848 551 1063 618 pentametrum
1073 540 1181 603 videas.
1287 534 1298 585 Ϊ

80 620 223 682 oeclrhius
236 640 296 699 quo
309 631 484 699 argumento
497 631 635 700 quattuor
647 618 819 699 plerumque
843 621 976 700 dactylos
1001 640 1060 681 uno
1082 624 1184 684 ordine

77 703 193 784 injungi
202 713 321 778 statuat,
335 722 394 762 uon
405 702 501 763 rideo.
521 702 620 762 Movit
630 720 697 761 eum
707 700 829 761 fortasse
839 700 906 774 hoc,
915 703 995 781 quod
1005 703 1118 764 m'deret
1131 721 1184 765 see·

77 785 116 844 ius
126 784 157 842 iu
167 783 274 865 quarti,
285 784 408 864 quamin
420 783 541 844 secundi
551 782 633 863 pedis
642 784 700 842 fine
711 783 884 844 vocabulum
894 785 1053 846 terminari.
1070 789 1113 847 At
1124 805 1184 847 non

77 867 142 926 rodo
152 866 186 925 -in
195 865 258 927 eliis
272 885 388 944 quoque
402 866 532 925 versibus
546 884 657 926 caesura
670 865 767 924 nonin
779 869 929 944 cujusque,
943 867 996 925 sed
1006 867 1036 923 in
1046 870 1184 927 secundae
1250 935 1255 942 ,

77 966 172 1007 emum
186 946 310 1026 dipodiae
324 947 381 1008 fine
396 960 450 1020 est,
471 947 625 1008 sedetiam
639 946 765 1006 insolens
785 965 946 1025 parumque
969 959 1070 1027 aptum
1093 949 1179 1021 foret,

77 1028 170 1089 rdines
180 1027 349 1109 permisceri
362 1040 569 1110 quaternorum
584 1040 620 1088 et
628 1029 753 1087 duorum
766 1027 884 1108 pedum.
917 1029 1034 1109 Tragici
1048 1041 1078 1090 et
1091 1031 1184 1091 comi-

77 1111 90 1182 i,
111 1110 195 1190 quin,
215 1121 249 1169 ut
270 1110 394 1187 videtur,
422 1111 510 1171 etiam
531 1110 615 1190 lyrici
637 1110 790 1173 AEclenses
802 1110 856 1169 hos
869 1130 968 1191 sersus
981 1111 1011 1171 in
1025 1123 1183 1190 systemata

77 1195 281 1272 injunxerunt,
300 1210 424 1253 numero
437 1204 620 1273 perpetuato,
642 1192 718 1251 utin
732 1191 790 1252 fine
804 1210 905 1251 eorum
918 1192 1059 1277 syllabam
1073 1195 1183 1275 aucipi-

77 1293 110 1331 an
123 1273 342 1349 detrectarent.
379 1275 424 1335 Ea
437 1285 595 1356 systemata
608 1292 688 1332 nunc
707 1273 881 1354 dactylicam
896 1273 1021 1354 aliquam
1035 1275 1182 1335 catalexin

77 1355 173 1429 abent,
198 1375 277 1416 nunc
290 1357 353 1416 eliis
365 1357 496 1415 versibus
509 1356 755 1428 intermiscentur,
776 1355 929 1434 repudiata
942 1356 973 1414 in
993 1358 1052 1416 fine
1067 1357 1183 1437 syllaba

77 1437 184 1516 ncipiti,
205 1450 285 1496 nunc
309 1439 342 1496 iis
365 1436 501 1497 clausulae
525 1437 590 1496 loco
604 1456 703 1496 versus
717 1437 795 1495 alius
803 1437 929 1515 generis,
944 1450 977 1498 ut
991 1440 1182 1519 anapaesticus

77 1519 97 1576 el
109 1519 307 1590 dochmiacae,
322 1519 453 1588 additur;
474 1518 599 1598 denique
608 1518 794 1578 inveniuntur
808 1518 895 1585 etiam
909 1523 1067 1614 systemata
1079 1521 1181 1600 dacty-

77 1617 115 1671 ea,
125 1600 230 1679 quibus
239 1601 341 1659 mediis
351 1601 399 1660 alii
408 1620 517 1672 versus,
534 1612 566 1661 ut
576 1599 742 1681 anapaestici
753 1599 800 1660 vel
814 1599 988 1674 dochmiaci,
1003 1602 1181 1675 inseruntur,

77 1682 155 1740 odem
169 1681 258 1741 modo
272 1683 380 1743 evitata
393 1682 504 1762 syllaba
518 1681 646 1761 ancipiti.
689 1681 910 1761 Antistrophica
921 1703 1012 1762 quum
1027 1694 1104 1756 sunt,
1119 1683 1180 1763 ple·
1237 1726 1239 1729 ψ

77 1754 173 1842 amque
188 1761 406 1842 diligentissime
420 1776 549 1835 curatur,
570 1777 610 1825 ut.
618 1763 752 1840 dactylus
772 1764 902 1843 dactylo,
923 1763 1069 1843 spondeus
1092 1784 1179 1844 spon.

77 1862 107 1902 eo
128 1845 314 1923 respondeat.
351 1845 412 1905 Sed
433 1856 466 1923 ut
486 1845 544 1905 hoc
564 1845 593 1903 in
608 1844 753 1923 plerisque
767 1843 1033 1920 lociscbservatur,
1054 1845 1095 1904 ita
1108 1845 1180 1904 alios

77 1925 138 1984 bea
157 1925 223 2004 lege
238 1926 345 1986 liberos
359 1946 422 1986 esse
435 1927 600 1987 voluerunt.
642 1926 767 1984 Strenue
782 1937 924 1985 servatam
938 1926 1045 2004 pedum
1059 1946 1179 2006 respon·

77 2002 160 2066 verrem
174 2006 305 2066 videmus
319 2007 349 2066 in
364 2007 512 2087 Euripidis
527 2008 633 2067 Phoen.
646 2009 718 2073 796.
733 2024 815 2086 seqq.
837 2007 883 2066 ed.
905 2007 989 2068 Pors.
1014 2007 1179 2086 neglectam

77 2105 83 2143 ι
95 2087 258 2147 nominibus
270 2089 393 2168 propriis
407 2089 485 2168 apud
499 2089 673 2169 AEschylum
686 2088 717 2146 in
733 2088 828 2147 Persis
849 2093 919 2149 884.
941 2107 1023 2167 seqq.
1064 2089 1178 2168 Sopho-

77 2168 124 2226 lem
140 2169 170 2226 in
186 2169 258 2229 OEd.
275 2168 313 2229 R.
332 2177 400 2232 151.
414 2191 495 2249 seqq.
513 2171 744 2249 quibuscumque
760 2169 789 2226 in
804 2170 899 2228 verbis
913 2170 990 2249 apud
1004 2169 1178 2250 AEschylum

77 2253 382 2331 rAgam.104.seqq.
426 2253 485 2312 Sed
506 2253 556 2310 ubi
578 2263 716 2311 accurata
736 2261 780 2310 est
797 2249 911 2330 'pedum
933 2253 1093 2330 responsio,
1114 2250 1178 2309 dili·
1267 2328 1270 2333 .

77 2333 347 2474 {pterdepvendum
368 2353 407 2392 ne
429 2324 493 2392 eam
513 2333 580 2392 laedi
593 2333 760 2413 patiamur.·
788 2333 834 2391 Ita
848 2331 879 2390 in
893 2331 1052 2393 Phoenissis
1065 2353 1092 2394 v.
1107 2338 1175 2395 811.

77 2433 82 2444 ’
108 2433 147 2475 .e
170 2457 178 2474 .
218 2433 275 2474 ors.

123 2548 142 2620 ἦ
153 2547 221 2610 dtttd
233 2549 352 2633 suffigit
364 2551 421 2623 itis,
435 2548 538 2612 dariis.

121 2627 172 2692 οὐδ’
182 2633 206 2689 οἱ
218 2635 253 2719 pair
266 2631 367 2710 riparpsat'
376 2659 414 2692 ror
428 2631 530 2700 assidu.

77 2761 107 2822 bi
127 2789 166 2823 ror
186 2782 225 2822 ex
245 2782 305 2822 uno
324 2762 427 2823 codice
442 2762 554 2824 addidit
575 2763 732 2824 Personas.
773 2760 833 2820 Pro
845 2779 882 2823 eo
895 2761 992 2823 codex
1007 2760 1103 2820 Grotii
1118 2765 1177 2822 rori

77 2842 152 2903 thet:
172 2844 252 2923 quod
267 2843 414 2904 Seidlerus
428 2844 465 2904 de
479 2864 568 2907 verss.
582 2845 699 2908 dochm.
713 2867 741 2926 p.
753 2847 821 2903 846.
836 2855 903 2923 post
916 2843 1005 2913 naida
1019 2841 1176 2916 collocans,
1223 2841 1229 2850 '

77 2942 106 2984 m
115 2926 281 3006 persanaiit
293 2945 419 2986 versum.
461 2926 654 2989 Scribendum
667 2938 756 3008 putu:

122 3056 175 3121 eid
190 3060 214 3118 di
224 3063 260 3138 pair
275 3058 375 3138 ripaspsir
387 3047 449 3121 dm
461 3045 550 3129 vistim
563 3059 576 3120 ‘i

122 3146 208 3223 pergi
222 3141 349 3220 sinopa,
363 3143 506 3220 ptdrpcaerae
519 3142 624 3226 sergis,
695 3167 696 3170 ¹

77 3288 103 3337 θ·
117 3271 171 3335 cidi
184 3276 208 3333 oi
218 3275 360 3353 μιάσματι
374 3281 469 3358 sergis
482 3275 544 3344 intr
559 3273 657 3345 παῖἒις,
672 3274 732 3354 ‘ipsi
754 3276 853 3354 ripaticis
874 3299 935 3337 nm
950 3301 1004 3352 serr
1019 3278 1028 3334 i
1048 3271 1176 3351 λὸχιυμ.

77 3360 163 3433 quiris
174 3356 235 3432 jam
251 3356 397 3418 Porsouus
411 3369 580 3436 receperat:
599 3383 625 3419 rs
638 3368 705 3437 pust
719 3358 840 3437 λόχευμα
853 3354 961 3416 omittit
976 3356 1005 3415 A
1017 3353 1095 3415 dina.

84 3438 113 3496 6.
134 3436 254 3514 Regnat
266 3436 296 3495 in
308 3437 360 3497 liis
378 3438 542 3518 systematis
562 3442 624 3501 fere
644 3449 824 3501 tetrameter.
866 3438 906 3497 Et
926 3454 962 3499 eo
983 3435 1071 3496 etiem
1091 3432 1176 3512 lyrici

77 3515 181 3591 liquist-
216 3517 403 3598 Hephaesiiot
423 3521 542 3600 Ἀλκμὰν
556 3519 583 3584 dd
599 3525 646 3584 nati
663 3522 725 3591 ‘dau
740 3525 849 3605 στςοφὶς
863 3520 942 3599 roissy
955 3521 995 3596 ‘ry't‘
1005 3517 1086 3611 pitqqt
1099 3540 1174 3577 sm
1272 3554 1295 3567 -.

77 3619 154 3682 rgias
928 3643 930 3647 ψ

122 3741 209 3812 Mir’,
224 3739 283 3814 iim,
298 3732 452 3814 Kar-adra,
467 3702 581 3827 dipem
596 3741 666 3815 Aris,

95 3910 98 3915 .
120 3817 189 3904 'gili'
199 3822 291 3904 ianam
304 3823 387 3895 inici,
401 3822 442 3885 im
451 3821 474 3887 δ’
487 3824 569 3967 iirryor
664 3874 667 3881 .

123 3899 192 3981 ὕμνῳ
203 3907 250 3964 nal
261 3906 383 3988 „egitras
395 3904 459 3966 ritu
472 3933 521 3990 7⁶⁶<
535 3933 555 3966 r.

77 4029 235 4093 luuiuloeo
249 4035 354 4096 mirum
375 4046 419 4095 est
439 4035 557 4116 probari
578 4055 596 4095 a
616 4026 789 4116 quibusdam
809 4031 938 4113 potuisse
957 4039 1174 4091 monstruosum
1283 4043 1288 4048 ·

77 4104 168 4170 lmaldi
181 4127 388 4189 commentum,
403 4121 444 4178 iri
458 4108 481 4177 δ’
494 4118 574 4201 ἵμιςυ
589 4116 664 4195 ipim
677 4115 813 4212 legentis,
828 4113 907 4195 quod
929 4112 1041 4172 dictum
1062 4111 1101 4170 sit
1121 4129 1174 4189 pro

77 4188 159 4279 {leym
182 4194 264 4274 ipro.
305 4199 398 4279 Apud
424 4199 551 4278 tragicos
575 4197 701 4258 dubitari
724 4197 870 4257 interdum
894 4205 1000 4274 potest,
1027 4191 1174 4272 quomodo

77 4256 186 4408 md&
198 4297 298 4341 versus
309 4280 432 4341 istorum
444 4292 634 4362 systematum
648 4282 785 4341 debeant.
827 4277 903 4336 Nam
924 4295 1013 4357 quum
1035 4277 1174 4334 numerus
1252 4357 1255 4360 .

78 4350 124 4405 ω
153 4351 303 4433 indiarum
323 4362 519 4446 perpetuitate
540 4361 633 4423 rideri
650 4361 740 4444 pcssit
757 4358 930 4440 procedere,
952 4370 986 4419 ut
1007 4357 1041 4417 lit
1062 4355 1092 4414 in
1113 4365 1172 4412 tro·
1272 4404 1276 4415 ,
