2694 4866
317 270 375 332 nn
398 268 605 334 vnnsmus
627 269 883 333 curcounrs.
1052 318 1059 325 .
1104 231 1165 340 ssa

79 460 101 502 »c
115 440 178 520 ipso
191 450 285 500 metro
298 443 438 520 scriptum
451 434 549 514 fuiss'e,
562 441 724 519 fragmenta
738 440 855 512 docent,
877 458 942 519 quae
962 436 1031 500 inde
1049 435 1163 505 servata

79 536 110 584 ut
124 522 162 582 ab
179 523 336 603 Apollonio
350 523 379 581 in
393 524 466 582 libro
481 523 518 582 de
531 524 701 603 pronomine
715 542 743 602 p.
758 528 827 583 358.
841 522 877 581 Β.

125 659 204 721 rimo·
219 669 242 718 ‘or
222 657 438 736 μιγαλοσθέιης

125 742 248 844 Ὠιιιθιι
262 739 383 822 JJeiJars'
398 740 445 800 a'trr
461 741 509 807 iras
566 810 569 819 .

125 829 214 883 araim
228 823 400 930 direptam..

79 953 198 1015 kkerus
211 924 326 1012 edidit‘
316 983 326 1012 ι
340 953 539 1028 prymnesium
558 962 588 1011 et
601 970 670 1010 saue
685 948 840 1010 codicem
831 962 873 1009 rta
885 951 995 1011 habere
1015 952 1102 1012 etiam
1116 954 1166 1012 alii

79 1046 200 1095 utantur
241 1033 385 1093 Wolfius
378 1053 407 1090 ιιι
421 1035 523 1111 fragm.
539 1035 634 1111 poe'tr.
655 1034 779 1092 dedit
756 1059 850 1093 traam
870 1034 1065 1110 μιγαλοσθέιηςε
1087 1036 1166 1095 unde

79 1146 118 1179 ac
139 1118 164 1176 ir
178 1115 286 1194 scripsi,
302 1125 335 1173 ut
349 1127 473 1173 metrum
488 1124 643 1175 constaret.
684 1114 820 1174 Alterum
833 1115 1026 1195 fragmentum
1044 1137 1073 1196 p.
1094 1121 1168 1178 365

94 1198 139 1258 sic
154 1195 364 1276 disponendum
378 1208 435 1260 est:

126 1335 184 1392 ,οὗ
196 1331 248 1413 yrig
264 1357 299 1389 m
314 1360 325 1390 o
319 1332 454 1412 φθοιιιός

113 1375 221 1489 ducitur
242 1451 397 1471 ......

79 1543 195 1603 ¹edibile
209 1553 252 1601 est
266 1553 373 1612 autem,
388 1542 417 1599 in
432 1544 563 1622 strophas
577 1544 715 1623 quasdam
730 1543 897 1603 distinctum
916 1540 1005 1604 fuisse
1024 1545 1082 1604 hoc
1102 1565 1165 1606 car-

79 1645 123 1693 an,
141 1644 216 1703 quae,
230 1634 263 1681 ut
276 1625 370 1683 solent
384 1625 508 1703 strophae
524 1627 752 1705 Glyconeorum,
768 1645 851 1684 versu
873 1625 1067 1686 Pherecrateo
1088 1628 1168 1686 clau.

79 1716 200 1765 rentur:
221 1706 298 1764 unde
311 1706 515 1782 fragmentum,
531 1707 609 1786 qnod
623 1707 778 1766 emendare
792 1705 889 1765 conati
902 1726 1010 1779 sumus,
1026 1728 1061 1767 eo
1082 1729 1168 1769 versu

79 1788 154 1847 itur.

86 1874 118 1928 ἲ.
141 1869 201 1927 Sed
224 1868 397 1928 veniendum
421 1880 465 1928 est
489 1870 527 1928 ad
549 1869 639 1949 ipsam
661 1868 885 1947 explicationem
906 1869 990 1927 metri
1011 1869 1167 1949 Glyconei,

79 1969 95 2008 c
111 1950 216 2008 vellem
231 1960 360 2028 repertus
375 1963 459 2024 essct,
474 1951 523 2029 qui
536 1951 593 2010 hoc
606 1971 698 2028 genus
712 1951 797 2010 metri
810 1950 911 2009 eadem
931 1950 1090 2028 diligentia,
1111 1970 1170 2030 qua

79 2031 197 2090 eidlerus
211 2051 308 2090 versus
322 2032 518 2103 dochmiacos,
532 2033 764 2111 pervestigassetr
786 2051 958 2109 quamquam
970 2031 1033 2090 haec
1044 2051 1099 2104 res,
1114 2031 1170 2092 etsi

79 2132 146 2172 rerae
159 2112 238 2171 haud
252 2132 321 2171 saue
334 2113 450 2171 minoris
466 2127 520 2185 est,
534 2115 640 2185 fructu,
662 2115 684 2172 si
706 2112 775 2192 quid
794 2113 888 2184 video,
909 2113 957 2170 vix
978 2113 1103 2190 aequabit
1123 2133 1168 2186 ca,

79 2214 114 2252 rae
128 2213 168 2252 ex
181 2194 415 2254 dochmiacorum
436 2194 630 2272 explicatione
651 2194 835 2273 profecimus.
879 2194 943 2271 Ego
966 2195 1082 2272 quidem
1103 2215 1169 2273 quae

79 2279 234 2353 ›mparatis
249 2287 393 2354 quotquot
406 2276 533 2334 invenire
547 2278 638 2354 potui,
654 2277 794 2353 exemplis
808 2275 947 2355 reperisse
968 2276 1038 2332 mihi
1058 2277 1168 2348 videor,

79 2375 152 2415 »rum
166 2357 323 2434 potissima,
338 2357 433 2434 aliquo
447 2357 547 2416 saltem
564 2358 676 2428 ordine,
691 2368 723 2414 ut
737 2358 766 2413 in
781 2369 840 2415 tam
854 2356 912 2415 late
927 2355 1029 2415 diffusa
1038 2358 1169 2430 materia,

79 2438 188 2516 aposita
202 2439 285 2497 dabo.
325 2437 458 2496 Liberius
473 2439 516 2495 usi
534 2451 600 2496 suut
614 2440 671 2498 hoc
685 2458 792 2516 genere
807 2439 889 2497 metri
911 2438 994 2517 lyrici
1008 2439 1170 2512 AEolensea,

91 2531 128 2577 ut
141 2538 209 2577 vere
222 2519 275 2576 hos
293 2538 391 2577 versus
411 2519 680 2598 polyschcmatistos
697 2521 837 2580 facerent.
879 2519 1031 2598 Recepti'
1023 2540 1051 2577 m
1067 2522 1170 2601 poe'sin

79 2601 208 2672 enicam‚
222 2600 252 2657 in
266 2599 460 2676 antiquissima
473 2601 614 2677 tragoedia
633 2621 719 2679 parce
740 2613 771 2659 et
792 2619 849 2658 non
871 2613 902 2659 ut
923 2596 1171 2679 polyschematisti

79 2645 274 2759 turpabantur.
318 2681 398 2741 sed·
386 2700 445 2758 Jam
463 2682 621 2760 Sophocles
635 2693 665 2740 et
678 2681 780 2758 saepius
795 2681 828 2738 iis
843 2701 911 2739 usus
925 2694 978 2751 est,
993 2693 1023 2740 et
1038 2695 1069 2741 ut
1080 2683 1170 2742 liceu-

79 2782 120 2821 tm
133 2762 453 2841 polyschematistorum
467 2763 642 2822 admitteret.
684 2761 842 2823 Recentior
856 2773 953 2821 autem
967 2764 1119 2841 tragoedia,
1128 2766 1170 2826 la-

79 2855 139 2903 mte
153 2843 301 2922 paullatim
309 2843 439 2937 'pristina
458 2844 610 2923 gravitate,
631 2845 671 2902 ita
691 2844 884 2922 frequentavit
903 2843 960 2903 hoc
981 2856 1116 2917 metrum,
1137 2859 1172 2908 ut

79 2945 110 2982 m
119 2944 200 3018 pene
219 2925 366 3004 proprium
387 2938 417 2983 et
437 2926 629 2984 necessarium
651 2927 680 2982 in
701 2924 843 3003 tragoedia
863 2925 1027 2986 haberetur.
1069 2928 1170 3007 Atque

80 3005 219 3084 uripides,
241 3025 298 3085 quo
320 3026 442 3085 quaeqne
461 3008 605 3065 recentior
616 3018 660 3066 est
679 3009 740 3085 eJ‘us
759 3007 930 3101 fabularum,
945 3020 1027 3066 tauto
1036 3009 1102 3086 plus
1115 3010 1170 3070 sibi

79 3087 179 3146 centiae
193 3086 321 3159 indulsit,
335 3087 409 3146 adeo
424 3101 456 3147 ut
470 3088 515 3146 vel
530 3107 548 3146 a
561 3089 689 3160 comicis,
704 3089 754 3166 qui
774 3089 823 3149 vix
844 3089 897 3146 sibi
918 3089 995 3148 idem
1014 3090 1103 3149 licere
1123 3088 1170 3152 ar'·

79 3169 152 3228 itrati
167 3179 245 3239 sunt,
259 3170 295 3227 ab
310 3189 373 3228 eam
388 3188 448 3227 rem
462 3169 731 3248 reprehenderetur.

95 3257 124 3312 3
146 3250 187 3321 Si,
202 3270 266 3328 quae
280 3251 423 3328 primitiva
436 3250 472 3308 rit
485 3251 577 3309 forma
591 3271 687 3309 versus
703 3251 857 3329 Glyconei,
869 3250 1102 3310 constituendum
1113 3263 1169 3325 est,

79 3350 115 3389 on
128 3331 242 3390 videtur
256 3331 311 3389 alia
324 3332 459 3410 ponenda
472 3351 545 3404 esse,
560 3348 646 3409 quam
660 3351 724 3409 quae
738 3344 768 3389 et
786 3350 804 3390 a
823 3331 1016 3408 grammaticis
1037 3332 1074 3389 ad
1095 3334 1169 3427 Gly-

79 3431 159 3470 onem
174 3425 323 3472 auctorem
337 3413 470 3483 refertur,
484 3425 515 3472 et
529 3413 655 3472 omnium
670 3413 861 3484 usitatissima,
881 3413 1064 3490 maximeque
1078 3414 1169 3473 nitida

79 3503 111 3553 st.
151 3495 204 3552 Est
217 3514 252 3553 ea
266 3506 362 3553 autem
377 3515 413 3554 ex
427 3494 489 3552 basi
503 3505 534 3554 et
548 3494 647 3554 ordine
661 3494 823 3573 logaoedico
837 3512 855 3552 a
868 3493 984 3573 dactylo
998 3513 1050 3573 per
1070 3494 1167 3554 troch-

79 3593 131 3631 ‚um
145 3575 174 3632 in
188 3576 264 3633 arsin
278 3586 405 3634 exeunte
419 3575 590 3654 composita;

136 3707 468 3790 ···.lssw-u-'
547 3778 549 3783 .

79 3843 228 3936 ¹{ujusmodi
242 3847 371 3926 pluribus
385 3849 534 3908 versibus'
527 3869 556 3906 m
569 3869 659 3908 unum
673 3839 800 3928 systema
813 3849 859 3908 vel
872 3847 1018 3927 stropham
1033 3849 1172 3924 conjunc·

79 3923 96 3982 is
113 3940 337 3987 cousentaneum
360 3941 403 3988 est
424 3930 627 3990 catalecticum
647 3932 760 4009 subjici,
785 3932 834 4010 qui
854 3951 912 3990 una
928 3929 1040 4008 syllaba
1058 3928 1172 3988 brevior

79 4017 112 4078 at,
127 4019 156 4067 et
173 4009 381 4069 Pherecrateus
395 4023 556 4083 vocatur:

138 4121 426 4206 arr-...M

79 4251 211 4331 luripides
226 4254 368 4315 Androm.
383 4259 453 4318 502.
