2694 4866
157 319 217 380 204
246 357 251 412 ÷
280 386 295 398 ᾗ
541 278 623 370 am.
641 309 683 369 11.
704 309 796 372 cnr.
817 274 915 370 xxvss

160 482 268 544 chalcis
291 492 380 560 atque
403 475 536 539 iambicis
552 479 727 557 systematis,
751 488 860 550 tamen,
884 478 1020 558 quoniam
1044 478 1074 536 in
1100 479 1174 538 antis

159 563 380 642 smpe'videmus
401 560 502 622 iisdem
523 559 658 633 inlocis,
678 579 714 619 ac
735 560 838 620 mediis
859 562 947 620 etiam
968 544 1144 638 iu'dipodiis
1167 582 1174 615 r

159 643 246 716 finiri,
260 642 435 721 omninoque
449 645 588 721 majorem
601 641 755 721 quamdam
765 661 864 714 curam
873 640 1060 720 exsequendis
1071 641 1174 701 antistr

159 725 318 786 adhibitam
332 744 404 792 esse,
419 735 549 803 apparet,
564 740 624 783 non
637 735 747 783 temere
760 743 860 783 versus
874 743 974 782 omnes
987 733 1174 783 tetrametros

158 818 268 869 metros
280 805 429 867 faciendos
443 823 518 874 esse,
538 803 601 877 sed,
621 805 720 882 prouti
737 805 834 874 verba,
858 804 1052 884 orationisque
1074 805 1174 864 termir

160 899 239 961 cant,
253 888 375 950 diversae
389 898 419 947 et
432 886 533 945 formae
546 885 780 964 et'longitudinis
794 906 894 946 versus
911 886 1019 946 debere
1038 886 1174 945 constitui

179 990 217 1030 ue
239 971 317 1030 enim
340 982 392 1029 aut
413 967 555 1026 vocabula
573 966 630 1026 hoc
651 969 681 1024 in
704 986 812 1046 genere
835 987 970 1027 versuum
994 966 1070 1026 inter
1096 967 1172 1026 duos

158 991 258 1126 dividi,
273 1063 323 1112 aut
344 1050 481 1110 orationis
501 1046 631 1107 membra
650 1049 681 1106 in
701 1068 889 1108 numerorum
908 1048 1096 1128 dispositione
1117 1069 1174 1127 neg

159 1134 276 1195 dentur.
318 1134 476 1209 Quumque
496 1129 542 1188 his
555 1130 720 1208 systematis
734 1130 821 1190 etiam
841 1130 979 1210 anapaesti
996 1130 1174 1189 admisceris

156 1233 218 1275 non
233 1224 278 1275 est
292 1212 461 1283 verendum,
476 1231 514 1270 ne
527 1210 705 1289 dactylicum
726 1231 878 1271 numerum
900 1212 974 1271 male
995 1211 1162 1291 perdamus,

158 1296 204 1355 bis
217 1296 261 1363 ita
273 1294 469 1373 exigentibus,
484 1291 571 1352 etiam
585 1303 749 1372 anapestus
759 1293 986 1353 introducemus.
1027 1293 1075 1352 Ita
1088 1293 1118 1350 in
1130 1294 1174 1353 Ph

159 1398 189 1438 v.
201 1381 272 1441 796.
285 1375 310 1439 si
323 1375 502 1454 antistropha
517 1373 696 1447 concineret,
712 1373 776 1452 quis
790 1373 946 1444 dubitaret,
967 1386 1048 1435 recte
1062 1394 1163 1434 versus

160 1469 269 1518 tructos
282 1477 355 1528 esse,

242 1572 264 1632 ὅ
277 1573 445 1651 πολῦμοχθος
459 1574 543 1656 Ἄρις,
558 1573 656 1634 valsts’
670 1572 764 1650 αἵματι

242 1660 287 1714 asi
299 1657 403 1734 θανάτῳ
416 1656 529 1733 saudyca,
545 1657 652 1737 Bgoptr'av
666 1653 831 1737 xaegoiptovrsq
845 1658 952 1737 ingratia,

162 1774 206 1832 At
219 1785 309 1850 quum
323 1769 363 1829 ibi
377 1767 514 1829 dissecari
527 1767 701 1828 vocabulum
715 1788 835 1829 necesse
848 1768 897 1840 sit,
911 1787 970 1828 non
984 1767 1106 1852 dubium
1124 1787 1174 1827 esst

160 1851 202 1947 ita
215 1851 354 1930 distingui
367 1868 465 1911 versus
479 1850 596 1922 debere,
612 1849 813 1944 ututrobique
827 1850 942 1931 integra
954 1861 1092 1910 maneant
1105 1869 1174 1911 voca

241 1965 368 2046 ὖζαθῖυι
382 1967 500 2028 maiam

282 2049 486 2131 πολυθηςᾶτατον
499 2046 577 2116 isitres
591 2044 736 2130 'Agrdptdas

281 2131 443 2214 Xrars'rgsqlor
457 2129 532 2209 i'pspta
547 2130 681 2212 Kthrugsir.

160 2247 197 2306 In
210 2236 315 2306 eodem
329 2243 456 2305 carmine
470 2243 500 2302 hi
514 2263 613 2304 versus
625 2241 776 2321 leguntur:

239 2361 366 2420 damulas
379 2359 489 2438 θοιξζιις,

240 2441 366 2521 Ἀςγιίους
380 2440 525 2505 transulta,

241 2525 358 2603 σπαςτόν
371 2523 452 2599 γὲννᾳ.

161 2665 191 2714 et
205 2653 235 2712 in
249 2652 444 2735 antistropha:

242 2788 374 2868 stpst‘ors
388 2788 532 2866 deteximus

161 2936 164 2941 ,
240 2868 382 2948 dardahe&
397 2867 419 2929 Υ
433 2868 478 2952 dgna
492 2870 571 2930 ἄλλοι

241 2948 451 3012 &dasember-
574 2953 576 2961 ¹

96 3055 99 3060 ¹
162 3064 222 3135 Qui
235 3065 344 3124 rectius
358 3064 476 3143 quidem
491 3063 619 3125 distincti
634 3040 712 3140 sunt,
727 3088 813 3148 quam
833 3072 858 3130 si
878 3072 909 3131 in
922 3073 996 3133 dnos
1009 3084 1174 3137 tetramerrc

160 3157 270 3207 essent.
311 3149 354 3206 At
369 3165 459 3225 quum
473 3145 522 3205 illo
539 3143 570 3204 in
589 3148 716 3208 carmine
737 3152 808 3211 nulli
827 3151 885 3214 sint
906 3155 1037 3225 trimetri,
1057 3157 1168 3237 aliquot

57 3233 63 3245 '
160 3228 337 3301 hexametri,
351 3227 445 3287 multo
459 3227 677 3289 convenientius
690 3231 816 3306 ridetur,
830 3236 940 3314 priores
953 3237 1028 3296 duos
1041 3238 1071 3295 in
1094 3260 1174 3298 uoun

159 3322 287 3370 metrum
302 3309 450 3389 conjungi.
492 3310 528 3369 In
541 3311 695 3392 strophicis
711 3334 800 3392 quum
823 3318 977 3389 Porsonus,
999 3320 1148 3397 quoniam,
1169 3345 1174 3378 ε

160 3393 294 3472 sequitur
315 3409 415 3451 versus
434 3410 453 3450 a
473 3393 567 3451 vocali
586 3393 697 3474 incipit,
719 3395 814 3455 hiatus
833 3398 942 3457 vitandi
963 3419 1064 3460 caussa
1081 3403 1155 3474 γένυι

113 3483 122 3498 ’
159 3485 265 3533 contra
280 3492 381 3533 omnes
394 3473 483 3533 libros
497 3474 605 3553 posuit,
618 3494 678 3535 non
692 3478 827 3551 attendit,
842 3499 878 3538 eo
892 3479 958 3538 loco
972 3481 1048 3538 finiri
1066 3466 1159 3542 unum

144 3567 363 3635 systematum,
378 3573 417 3614 ex
431 3555 535 3634 quibus
548 3556 595 3615 hae
615 3556 742 3637 strophae
763 3571 907 3621 constant.
948 3563 995 3621 Ita
1014 3561 1048 3621 fit
1068 3565 1157 3624 etiam

159 3636 212 3696 ubi
226 3637 322 3697 hiatus
336 3656 403 3696 eum
417 3657 476 3696 non
490 3636 620 3698 offendit.

202 3724 232 3785 7.
253 3708 447 3789 Hexameter,
462 3719 511 3799 qui
525 3739 603 3800 saepe
617 3721 647 3778 in
660 3719 706 3781 his
719 3723 882 3801 systematis
903 3724 1058 3798 invenitur,
1081 3746 1161 3787 nunc

46 3814 71 3858 ’,
101 3799 107 3810 “
160 3799 297 3860 heroicus
311 3818 386 3870 esse,
400 3819 480 3858 nunc
493 3801 662 3882 simpliciter
683 3803 856 3881 dactylicus,
875 3805 925 3884 qui
945 3826 998 3885 per
1017 3817 1077 3866 tres
1098 3808 1174 3888 dipor

160 3880 328 3941 metiendus
335 3877 389 3941 'sit
432 3881 541 3958 Arguit
554 3882 585 3940 id
599 3903 785 3956 caesurarum,
799 3905 864 3963 quae
878 3888 1002 3967 propriae
1015 3900 1083 3949 sunt
1101 3889 1174 3949 hero

98 3986 113 4039 j
162 3959 211 4035 tri,
225 3961 384 4039 neglectio,
398 3971 431 4020 ut
445 3962 475 4019 in
490 3962 648 4023 Phoenissis
660 3985 689 4025 v.
703 3970 773 4027 802.
786 3971 857 4029 820.

244 4093 338 4169 stipitum
352 4099 450 4166 Θήβας,
465 4097 547 4172 adyto!
559 4070 729 4158 stavalmo
743 4101 908 4184 agmantus.

212 4204 215 4213 ·
244 4174 338 4235 alstra
350 4179 437 4252 γυιάς,
454 4175 577 4250 Σφιγγᾶς,
591 4178 793 4254 ἀμουσοτάταισι
807 4185 850 4243 σὺν
863 4181 947 4262 ,itata

158 4303 224 4363 'sisi
235 4303 266 4362 hi
280 4323 319 4366 ex
333 4306 457 4369 dimetro
471 4320 500 4368 et
515 4319 684 4370 tetmmetro
698 4325 842 4374 constant.
884 4315 1011 4376 Dubitas
1025 4327 1123 4381 tamen
1137 4335 1171 4377 an
