2694 4866
271 223 333 288 DE
354 223 562 289 VERSIBUS
583 223 873 288 DOCHMIACIS.
1143 228 1201 289 ist

152 428 351 509 abinrytaitsat

154 514 331 595 tltiyxtlgtor.

91 617 256 700 Explicatius
270 628 308 688 de
322 647 359 688 eo
371 627 446 688 dixit
461 628 561 707 Etym.
574 625 621 687 M.
629 636 659 708 p.
673 611 746 701 985,
762 632 811 691 25.
825 645 911 708 quem
924 627 1024 689 iocum
1037 638 1201 690 tractarunt

93 701 220 768 Seidlerns
234 728 262 786 p.
275 715 344 770 401.
358 730 439 788 seqq.
454 719 485 786 et
499 708 659 769 Boeclrhius
673 711 710 768 de
724 710 823 769 metris
838 709 956 770 Pindari
969 731 998 789 p.
1012 716 1062 770 45.
1097 711 1203 771 ·Scho.

91 780 169 848 bites
190 788 322 868 AEschyii
342 791 380 849 ad
395 791 476 868 Sept.
489 791 527 849 ad
548 790 644 850 Theb.
666 797 734 852 129.
748 803 834 850 vocat
848 795 941 868 §nupia
954 792 1108 882 ὂκτάι-ημω,
1133 793 1202 873 quia

91 883 124 926 ex
145 884 208 932 octo
231 872 410 950 temporibus
432 883 556 931 constat.
600 871 733 932 Maxime
747 891 816 931 vero
837 873 1023 941 memorabsse
1045 885 1099 945 est,
1121 873 1203 954 quod

92 954 175 1011 musici
196 956 255 1012 dno
276 955 490 1012 constituerunt
512 971 622 1031 genera
640 953 822 1026 dochmiaca,
844 953 967 1012 alterum
990 945 1030 1014 eir
1049 955 1145 1014 iambo
1168 966 1202 1017 et

93 1031 192 1094 Cretico
212 1035 419 1113 compositum,
441 1034 491 1112 qui
510 1035 558 1095 hic
579 1034 642 1113 ipse
661 1054 761 1094 versus
782 1047 837 1108 est,
858 1035 975 1114 dequo
996 1056 1074 1096 nunc
1092 1037 1199 1115 agitur,

91 1111 197 1175 alterum
213 1137 252 1175 ex
266 1116 362 1175 iambo
374 1127 413 1191 ,et
434 1115 553 1196 dactylo
567 1127 598 1177 et
612 1115 731 1177 Cretico
750 1116 872 1189 factum,
887 1118 966 1196 quod
986 1117 1101 1177 metrici
1126 1119 1202 1198 Gly-

89 1210 195 1256 coueum
210 1208 327 1259 vocant.
368 1196 514 1257 Aristides
529 1197 725 1267 Quintilianus
743 1219 774 1277 p.
788 1204 839 1265 39.
850 1200 1001 1278 μιγννμένων
1015 1198 1043 1264 li
1065 1205 1111 1261 stis
1127 1206 1200 1274 γειῦι

89 1276 171 1351 ribos,
184 1281 239 1362 (ea
251 1277 398 1358 intelligit,
412 1299 477 1357 quae
491 1278 532 1337 illi
545 1287 572 1340 τὸ
586 1279 647 1352 inv,
661 1287 689 1341 ri
704 1278 852 1352 lisania-m,
866 1287 894 1343 τὶ
909 1283 1017 1358 lysiam
1031 1280 1199 1364 nominant)

89 1355 125 1425 lllt
137 1366 233 1443 ῥυθμῢι
246 1363 359 1436 elymas
373 1363 484 1423 πλείονι·
505 1359 547 1423 lio
554 1363 599 1438 μὶν
612 1359 759 1441 lavanti,
770 1358 840 1423 elisi
854 1364 897 1440 μὲν
912 1367 1054 1424 confflem
1067 1367 1090 1437 ἐξ
1103 1362 1204 1443 ἰᾶμβιρ

89 1445 228 1511 &satiem
242 1442 370 1518 limatis,
390 1449 418 1505 ri
439 1442 464 1504 il
478 1440 594 1524 diiungo,
606 1445 630 1517 ἔξ
643 1443 743 1522 ἰάμβου
764 1449 810 1503 nal
824 1442 954 1504 lavim
967 1452 1014 1506 ul
1028 1447 1144 1510 ambra.
1164 1449 1206 1513 ω’,-

89 1523 203 1607 Φυέπιςιι
230 1530 284 1608 plag
305 1527 334 1585 ai
353 1526 431 1604 μιῖιις
452 1522 532 1586 altat
552 1523 740 1600 κατιφιίνησιιι.
768 1523 872 1604 difflant
900 1523 927 1585 ii
952 1529 1092 1597 ‚hamum
1106 1524 1148 1586 bl
1173 1532 1203 1589 si

90 1608 182 1687 tutilo
209 1615 255 1668 sai
268 1606 391 1684 altipassi,
416 1612 464 1666 ul
483 1609 518 1684 μὲ
546 1604 606 1666 κατ’
621 1607 681 1667 siti
706 1609 854 1688 daupein-Sat
874 1613 917 1674 τῆς
939 1611 1119 1690 ῥυθμοποιΐαις.
1161 1605 1204 1667 Et

91 1692 247 1767 quamquam
257 1707 356 1747 versus
370 1687 552 1767 Glyconeus,
563 1706 650 1766 quem
663 1687 777 1746 metrici
792 1707 909 1766 quoque
929 1688 1202 1771 aduantispastinum

89 1782 164 1841 genus
177 1771 318 1840 referunt,
340 1779 459 1828 nonest
475 1768 688 1848 antispasticus,
710 1779 743 1827 ut
764 1788 853 1847 supra
877 1768 1082 1840 indicavimus,
1103 1781 1203 1830 tamen

92 1844 147 1908 illud
167 1851 197 1908 in
210 1851 267 1909 bac
280 1870 312 1909 re
332 1848 490 1928 permirum
511 1861 565 1919 est,
581 1850 660 1929 quod
681 1849 744 1907 haec
758 1849 818 1908 duo
833 1860 936 1923 metra,
952 1849 1156 1919 dochmiacnm
1171 1861 1203 1910 et
1282 1914 1285 1919 ,

91 1925 270 2008 Glyconeum,
291 1932 347 1990 bac
361 1951 419 1989 una
432 1932 463 1988 in
481 1950 513 1989 re
535 1941 565 1989 et
578 1931 641 2010 ipsa
654 1931 730 2005 inter
743 1951 775 1990 se
789 1932 979 2002 conveniunt,
997 1943 1030 1991 et
1051 1950 1069 1989 a
1089 1932 1203 1993 caeteris

92 2012 175 2070 metris
188 2015 323 2073 omnibus
337 2013 449 2071 diversa
462 2023 540 2085 sunt,
552 2012 631 2090 quod
644 2031 722 2092 sape
736 2013 777 2072 ita
791 2024 1016 2092 componuntur,
1033 2025 1066 2072 ut
1079 2012 1201 2092 integris

89 2087 250 2154 dochmiacis
279 2093 473 2172 Glyconeisve
500 2093 652 2173 particulae
678 2094 811 2173 quaedam
839 2094 1010 2154 eorumdem
1040 2106 1202 2154 metrorum

90 2176 292 2237 consocientur:
314 2194 372 2254 quo
394 2174 428 2234 fit
452 2186 485 2233 ut
507 2186 631 2253 utroque
655 2176 686 2235 in
707 2196 817 2254 genere
838 2176 988 2235 distinctio
1013 2195 1202 2235 numerorum

89 2267 153 2333 toepe
164 2258 201 2316 sit
213 2255 441 2336 impeditissima.
482 2257 531 2316 Ac
552 2256 589 2316 de
604 2256 782 2317 dochmiacis
803 2257 921 2337 quidem
931 2257 1202 2336 praeelaremeritus

89 2345 126 2395 at
137 2337 282 2399 Seidlerus
296 2350 406 2412 noster,
417 2340 502 2416 cujus
514 2337 598 2410 liber,
612 2359 700 2418 quem
715 2340 753 2399 de
765 2340 811 2399 his
824 2341 954 2400 versibus
967 2339 1083 2418 scripsit
1095 2339 1126 2396 in
1139 2357 1203 2398 ora·

89 2415 158 2493 niun
170 2420 302 2481 manibus
316 2432 369 2479 est.
411 2419 483 2501 Ejus
504 2418 655 2481 industriae
675 2433 781 2500 praeter
799 2422 856 2482 alia
873 2422 974 2490 multa,
998 2421 1068 2499 haec,
1080 2420 1203 2500 trispe-

91 2494 216 2561 uanum
238 2501 391 2572 debentur,
412 2502 547 2580 primum,
569 2503 649 2583 quod
669 2504 700 2561 in
719 2504 765 2563 bis
779 2503 910 2564 versibus
923 2515 1092 2563 constanter
1105 2521 1202 2569 servm
1301 2560 1304 2566 ,

90 2577 303 2662 titntispastnm
316 2583 519 2662 cognominum
538 2584 655 2656 deinde,
669 2587 752 2664 quod
765 2586 916 2665 syllabam,
927 2605 994 2664 quae
1007 2596 1076 2645 ante
1089 2594 1203 2663 postre-

91 2673 153 2722 utnt
167 2665 242 2725 arsin
253 2677 308 2738 est,
322 2664 478 2744 ancipitem
494 2685 557 2726 esse
576 2666 747 2738 didicimus;
768 2667 906 2746 denique,
921 2666 1001 2745 quod
1014 2665 1203 2735 dochmianos

93 2751 118 2801 rt
126 2743 198 2824 ipsos
211 2759 242 2807 et
256 2747 397 2827 quosdam
405 2746 487 2820 alios,
499 2748 550 2826 qni
563 2767 630 2808 cnm
644 2748 679 2808 iis
692 2749 824 2828 copulari
838 2749 944 2820 solent,
955 2766 1095 2807 numeros
1107 2757 1205 2827 systes

94 2826 163 2886 mtis
173 2829 389 2908 comprehendi,
405 2830 588 2908 solutasaepe
598 2831 700 2889 ultima
710 2832 778 2904 arsi,
792 2830 1000 2891 intelleximus.
1020 2827 1227 2913 Quodniille-

94 2907 129 2962 vel
140 2908 166 2966 in
176 2909 248 2969 locis
259 2911 430 2989 quibusdam
442 2911 663 2984 constituendis,
671 2913 716 2973 vel
729 2913 758 2970 in
770 2913 859 2992 ipsius
873 2911 1015 2970 doctrinae
1029 2909 1205 2989 quibusdam

95 2989 206 3062 partibus
228 2990 408 3070 explicandis
426 2993 543 3072 reliquit
566 2992 686 3072 aliquid,
707 2994 788 3074 quod
808 2993 931 3072 amplius
949 2991 1090 3072 perpoliri
1100 2990 1203 3070 possit,
1307 3035 1315 3047 .-

93 3071 219 3158 aninam
233 3084 293 3132 tam
303 3074 434 3153 iniquum
448 3076 512 3135 fore
525 3076 660 3146 arbitror,
675 3077 797 3156 quinon
809 3075 918 3146 videat,
925 3095 1015 3154 quam
1023 3073 1144 3133 difficile
1154 3073 1203 3146 sit,

91 3161 199 3215 utanta
218 3166 249 3215 et
268 3155 409 3220 varietate
428 3176 526 3217 rerum
545 3168 577 3225 et
596 3157 788 3236 ambiguitate
807 3157 917 3236 ubique
930 3157 961 3215 id
981 3156 1100 3234 eligere,
1124 3154 1206 3234 quod
1268 3170 1273 3181 ·

94 3235 209 3296 omnibns
221 3237 339 3317 probari
351 3238 469 3301 debeat.
508 3239 676 3306 Quinbaud
689 3239 795 3299 mirum
808 3239 925 3310 necubi
934 3237 1060 3317 plurima
1072 3237 1205 3315 pluribus
1239 3301 1242 3314 Δ

96 3315 171 3376 modis
191 3319 329 3379 constitui
348 3332 477 3399 possunt,
499 3320 669 3399 aliquando,
690 3323 762 3380 dum
781 3339 870 3381 unam
890 3318 1046 3400 qnamdam
1060 3318 1205 3387 rationem

98 3399 236 3474 sequimur,
250 3400 327 3460 viam
340 3402 378 3461 ad
391 3402 460 3461 alias
474 3403 624 3481 praecludi.
985 3459 988 3466 .
1051 3462 1054 3467 .

126 3484 151 3539 ἲ.
169 3481 259 3541 Nulla
273 3494 372 3543 autem
390 3503 429 3543 ex
444 3483 567 3544 Seidleri
580 3485 830 3547 observationibus
850 3482 1028 3544 fructuosior
1047 3495 1102 3554 est,
1116 3500 1207 3561 quatu

98 3549 154 3632 lec,
167 3583 255 3641 quum
268 3564 418 3643 syllabam,
439 3584 506 3644 quae
525 3578 595 3626 ante
607 3579 784 3647 postremam
797 3566 875 3628 arsin
889 3577 943 3640 est,
964 3565 1120 3645 ancipitem
1136 3581 1205 3623 esse

98 3643 215 3705 ostendit.
257 3645 335 3704 Nam
356 3665 391 3705 ea
411 3646 467 3706 esti
481 3667 550 3720 non,
563 3649 615 3729 ‘qui
628 3649 667 3708 sit
680 3650 808 3710 dochmii
821 3667 960 3708 numerus
970 3645 1091 3717 indicat,
1105 3655 1206 3703 tamen

96 3717 176 3802 liqna
189 3745 227 3785 ex
241 3737 339 3806 parte,
357 3748 445 3807 quem
465 3749 619 3789 numerum
633 3751 693 3789 non
707 3731 812 3792 habeat
833 3729 996 3799 dochmius,
1012 3727 1203 3786 demonstrat.

95 3800 133 3863 Ac
150 3807 193 3869 M.
214 3807 319 3869 Fabius
340 3810 537 3875 Quintilianus
557 3813 612 3872 IX.
627 3816 718 3885 4,97.
732 3813 774 3872 ita
794 3811 896 3872 definit
919 3809 1102 3870 dochmium:
1122 3814 1206 3867 estet

93 3882 229 3967 (indimissa,
250 3892 399 3972 quifitsx
418 3892 544 3954 Bacodio
557 3903 588 3983 eg
602 3893 703 3967 iambo,
724 3895 770 3955 nel
781 3895 873 3956 iambo
893 3902 922 3952 et
945 3890 1065 3952 Cretico.
1091 3890 1207 3948 Harum

92 3960 277 4030 definitionum
290 3974 443 4052 posterior,
458 3975 483 4034 si
503 3995 657 4037 numerum
671 3977 852 4056 respicimus,
866 3974 939 4034 falsa
959 3983 1014 4044 est,
1029 3970 1097 4049 qnia
1110 3967 1207 4028 media

90 4045 189 4121 Cretici
201 4052 313 4135 syllaba
332 4074 392 4114 non
412 4047 511 4136 polest
530 4077 639 4139 anceps
659 4078 732 4120 esse.
773 4060 840 4119 Nec
860 4067 958 4116 tamen
978 4059 1207 4139 propterea'sut

89 4126 169 4208 lunc,
184 4147 236 4195 aut
245 4136 407 4197 Aristidem
418 4139 640 4212 Quintilianum,
650 4161 689 4202 ex
698 4162 757 4222 qno
765 4160 853 4221 upra
860 4137 994 4198 eamdem
1004 4132 1205 4219 defiuitipnem

89 4216 261 4296 ¹protulimus,
276 4219 469 4301 reprehensos
490 4222 720 4286 essevolumus:
741 4223 833 4283 solam
854 4219 931 4279 enim
952 4217 994 4276 illi
1006 4228 1208 4275 mensurantur
1320 4260 1322 4267 .

89 4286 324 4383 ampurationaln
337 4298 556 4386 spectaverunt.
598 4292 731 4369 Eacluso
744 4305 833 4388 igitur
845 4301 965 4369 Cretico
972 4297 1080 4382 triplex
1092 4294 1140 4358 via
1152 4302 1208 4379 est,
