2694 4866
109 276 194 372 aaa
477 304 883 369 nauclerum.

179 478 219 532 ita
247 475 304 532 uisi
315 476 438 533 incudem
452 496 495 534 me
506 480 631 534 miserum
647 476 769 532 homines

180 567 214 603 oc
255 549 334 602 validi
347 549 463 605 caeddut:
483 551 574 620 itaque

181 637 289 690 peregre
299 620 443 675 adveniens

253 689 395 760 publicitus
407 690 523 760 bospitio
535 689 657 762 accipiar.

110 807 157 864 Ita
171 806 318 866 Charisius
330 827 359 885 p.
376 811 443 866 190.
456 806 520 877 nisi,
536 805 614 885 quod
628 807 670 866 ita
684 824 738 884 pro
751 805 847 888 itaque
866 806 966 877 habet,
988 771 1033 865 ut·
1043 804 1128 865 multi
1146 803 1215 866 codd.

110 887 218 948 Plauti.
259 888 356 965 Vulgo
369 888 488 967 hospitio
496 887 660 968 publicitus.
701 886 861 947 Publicius
873 885 923 945 hic
936 884 1031 966 prima
1042 884 1124 949 brevi
1138 898 1185 948 est.

151 974 200 1030 81.
221 968 347 1028 Dimetri
360 968 423 1028 siue
436 969 612 1047 paroemiaoo
626 978 694 1027 sunt
708 967 738 1025 in
752 967 925 1028 Trinummo
946 967 983 1026 V.
998 971 1027 1028 1.

98 1096 100 1101 '
180 1089 232 1145 Hic
244 1089 326 1144 homo
335 1089 377 1144 est
387 1088 523 1144 hominum
536 1088 654 1143 omnium
666 1087 834 1161 praecipuas,

179 1161 357 1232 voluptatibus
368 1161 523 1232 gaudiisque
534 1159 704 1230 intepotens.

180 1230 219 1285 ita
230 1233 377 1298 commoda,
388 1249 448 1302 quae
460 1232 547 1300 cupio,
559 1230 700 1287 eveniunt:

178 1302 220 1357 ita
228 1303 331 1373 gaudiis
341 1303 465 1374 gaudium
477 1302 635 1373 suppeditat.
984 1365 987 1372 Ι

113 1402 209 1482 Vulgo
224 1405 345 1462 omnium
358 1404 509 1464 hominum.
551 1403 591 1464 Et
604 1403 634 1462 in
649 1402 963 1476 tinimicitiae.
977 1411 1012 1467 ut
1023 1400 1149 1475 videtur,

183 1521 243 1575 TR.
260 1530 308 1576 tuo
320 1520 430 1576 cdnsilio

182 1591 294 1648 iaciim:
314 1610 383 1647 nunc
395 1593 504 1647 advorte
517 1590 648 1646 inimum:
668 1609 730 1646 nam
741 1591 795 1646 hoc

183 1679 263 1751 omne
273 1663 370 1720 ittinet
381 1664 415 1718 ad
427 1674 464 1720 te.
493 1664 556 1718 GR.
573 1661 637 1732 quid
648 1661 745 1721 ἷιιειιιιιι
755 1659 817 1718 est?

113 1768 160 1827 Ita
174 1754 242 1828 Mil.
257 1767 338 1847 Lips.
372 1768 487 1849 Vulgo,
508 1789 628 1849 namque
640 1768 808 1830 hnc-attinet
820 1784 910 1826 omre.
938 1764 1032 1827 MSS.
1054 1764 1129 1828 Pall.
1147 1763 1217 1826 καὶ

113 1851 203 1928 Carp.
216 1870 334 1933 namque
354 1849 406 1909 bac
418 1870 498 1910 omne
511 1850 622 1910 attinet.
661 1848 808 1928 Legitima
830 1865 900 1907 vcro
923 1857 1094 1928 systemata,
1115 1846 1217 1907 siae

1 1932 4 1943 ¹
113 1930 250 2010 conjicio,
263 1943 332 1990 sunt
345 1932 375 1989 in
390 1931 495 1991 Pseud.
510 1931 563 1991 IV.
581 1936 607 1992 1.
626 1930 783 2011 ubiprimo
803 1934 926 1992 anti).
945 1927 1068 2008 stropha
1087 1942 1131 1989 est
1149 1938 1216 2006 atque
1247 1972 1249 1981 ,

114 2012 296 2091 antistropha
314 2032 353 2071 ex
373 2011 498 2072 dimetro
520 2011 694 2091 mapaestico
715 2023 746 2072 et
766 2021 936 2075 tetrametro
960 2009 1146 2081 Bacchiacn;
1170 2020 1215 2068 tau
1246 2016 1249 2028 '

112 2104 240 2173 systema
252 2095 477 2173 anapaesticum;
497 2093 603 2153 deinde
616 2091 784 2175 mapastici
798 2090 960 2155 tetrametri
980 2090 1159 2161 catalebtlci3
1179 2087 1214 2146 dt·

113 2175 202 2254 nique
211 2195 324 2235 rursum
334 2176 380 2235 vel
393 2187 521 2255 systema
530 2175 731 2250 dimetrorum,
743 2174 791 2237 vel
804 2172 966 2235 tetrametri
979 2168 1145 2259 amtalecti,
1160 2165 1213 2230 finit

113 2257 295 2317 catalectico.
337 2258 435 2317 Locus
448 2257 491 2316 ita
502 2256 611 2320 babet:

112 2409 130 2446 a
182 2393 224 2449 81.
241 2393 325 2462 potia·
338 2393 369 2448 iit
380 2391 490 2448 mesas?
506 2410 649 2448 memorem
661 2394 842 2448 immemorem

240 2462 314 2530 facit,
325 2463 370 2546 qni
381 2462 482 2529 monet,
494 2465 566 2535 quod
576 2464 677 2519 membr
688 2463 816 2521 meminit.
832 2460 922 2519 teneo.

114 2551 131 2588 a
183 2534 273 2587 omnia
284 2534 320 2587 mi
331 2552 360 2588 sn
371 2544 480 2605 pectore
491 2535 598 2590 condita
608 2546 680 2600 sunt,
764 2546 772 2553 “

243 2604 364 2660 meditaiti
375 2605 431 2660 doli
443 2617 506 2661 sunt
516 2605 605 2662 docte.
639 2607 691 2661 PS.
709 2608 807 2676 probus
818 2605 901 2660 homo
912 2601 957 2658 bic
968 2611 1018 2660 est.

111 2676 129 2730 b
183 2675 225 2730 st.
242 2693 329 2749 neque
340 2677 384 2732 hic
395 2678 446 2747 e‘st,
455 2695 541 2749 neque
553 2695 610 2748 ego.
645 2678 696 2733 Ρ8.
714 2688 742 2733 at
753 2677 815 2735 side
826 2675 862 2735 nt
873 2675 979 2732 titubes.

184 2747 226 2802 81.
242 2747 327 2820 potin’
339 2750 370 2804 nt
381 2747 491 2804 taceas?

183 2819 234 2874 PS.
252 2820 291 2873 ita
301 2819 344 2873 md
356 2820 384 2874 di
396 2849 411 2859 -
422 2830 522 2874 ament.
556 2820 597 2874 SI.
614 2819 653 2875 ita
663 2819 718 2874 n6n
729 2817 842 2874 facient:

247 2907 321 2944 mera
328 2891 384 2962 jaim
396 2891 533 2946 mendacia
543 2890 648 2946 scindes.

112 2975 129 3013 c
180 2959 232 3014 PS.
251 2971 282 3014 ut
293 2978 342 3043 ego
353 2961 388 3015 <ib
400 2971 482 3024 tuam,
494 2961 584 3025 Simia,
613 2961 871 3015 erfidiamte-amo
884 2953 1191 3028 etmemoetmagnlica

185 3032 228 3085 Sl.
245 3048 294 3101 ego
305 3032 375 3086 istite
387 3031 444 3084 aliis
456 3031 519 3085 dare
530 3031 579 3084 cdn
599 3031 674 3088 rdiciz
691 3033 728 3087 mi
740 3030 881 3085 obtrudere
893 3047 948 3083 aon
959 3040 1035 3101 potes
1053 3028 1159 3100 pilpum.

184 3100 234 3157 PS.
252 3113 282 3157 ut
290 3102 392 3226 pgdhte
412 3101 493 3156 bodie
509 3102 635 3175 accipiam
647 3103 744 3176 lepide,
762 3130 777 3138 -
795 3102 840 3156 ubl
852 3099 969 3157 effeceris
987 3099 1125 3170 hocopus,
1140 3079 1205 3151 Sili

310 3191 326 3226 a
357 3191 381 3228 e.

114 3247 132 3301 d
185 3243 234 3300 PS.
253 3244 677 3316 lepiddvictu,rino,i1nguentis,
689 3236 1104 3314 etintdrpoculapulpaimentisz
1235 3284 1249 3295 .

183 3317 280 3371 ibidem
293 3318 347 3371 irna
358 3317 444 3372 aderit
454 3317 548 3371 muller
559 3317 656 3388 lepida,
667 3344 683 3353 -
694 3314 743 3370 tibi
751 3313 842 3370 suavis
852 3330 931 3385 super
942 3313 1033 3369 suavis
1044 3329 1104 3386 quie
1114 3310 1161 3373 det,
1190 3367 1195 3382 ,
1237 3317 1249 3366 t

254 3388 401 3512 ⁵¹p¹⁰pid⁰
412 3388 510 3460 accipis
521 3406 573 3444 me.
607 3389 658 3444 PS.
674 3387 756 3443 immo
768 3385 791 3443 si
803 3385 909 3454 eudes,
921 3394 978 3441 tum
990 3383 1056 3441 tiso
1068 3384 1143 3441 etiem

307 3477 369 3516 icas.

113 3565 211 3644 Vulgo
225 3563 255 3621 iu
269 3575 374 3642 quarto
388 3564 491 3624 horum
508 3583 652 3636 versuum,
667 3561 773 3645 probru
787 3561 833 3622 hic
848 3569 888 3621 est
901 3560 1005 3620 hamo:
1025 3558 1058 3618 in
1071 3558 1203 3618 idtimoilt

111 3660 172 3708 tem
186 3647 285 3732 efficies
298 3666 352 3724 pro
366 3646 449 3724 ficia
462 3647 574 3725 scripsi,
589 3658 619 3705 et
633 3644 731 3704 addidi
744 3644 839 3704 diam.
958 3673 963 3683 ι
1197 3638 1203 3655 “

151 3732 201 3788 tt.
222 3727 314 3786 Mixti
324 3739 393 3787 aunt
405 3731 544 3806 anapesti
553 3723 615 3788 aliis
628 3728 757 3787 versibus
771 3726 801 3785 in
815 3723 994 3785 Meuechm.
1006 3722 1050 3784 11.
1058 3727 1088 3784 8.
1098 3714 1205 3815 quilii*
1223 3718 1239 3733 ”

112 3810 154 3869 ita
166 3808 337 3870 scribendus
351 3808 484 3868 videturr
1223 3820 1241 3837 ³

185 3944 249 3998 Sine
262 3943 333 3998 fores
345 3942 399 3998 sic:
418 3943 477 3997 abi:
551 3984 554 3989 .

183 4013 247 4067 nolo
259 4013 386 4084 opperiri:
408 4013 481 4068 iatius
489 4031 561 4084 para,
574 4013 647 4080 curt,
659 4013 728 4080 vide,

184 4084 257 4153 quod
269 4086 356 4168 opust,
368 4084 429 4140 fiat:
449 4087 559 4139 sternite
570 4085 666 4152 lectos,

184 4152 319 4228 incendite
331 4156 437 4210 odores.
456 4154 608 4220 mundities,

133 4235 149 4278 5
254 4224 377 4281 illecebra
389 4226 477 4281 auimo
490 4237 531 4280 est
542 4243 574 4279 ea
586 4223 730 4283 amintam.

185 4295 282 4353 ementi
292 4299 429 4353 amoeaitbs
438 4298 509 4352 malo
518 4307 568 4362 est,
580 4298 657 4351 uobis
667 4296 742 4352 lucro
750 4315 782 4355 es

185 4366 233 4422 sed
244 4367 289 4422 ubi
300 4368 346 4426 ille
358 4379 408 4442 est,
420 4387 497 4441 quem
510 4379 610 4440 coquus
623 4369 686 4427 inte
698 4369 762 4487 aedis
