2694 4866
110 324 152 388 88
223 320 226 327 ’
520 319 600 381 LlBt
620 318 645 379 I.
668 320 761 383 CAP.
782 320 821 382 X.

19 494 22 511 ¹
112 489 237 569 80οζυο
245 485 600 572 iadgu'aemapudeumdem
610 510 640 568 p.
654 495 718 552 116.
729 489 807 569 quod
818 488 915 550 Grotii
925 488 1168 568 inventnmeatp

110 591 159 633 sus
173 589 191 630 a
203 569 344 629 trochaici
357 568 469 629 numeri
483 570 627 648 elegantia
641 572 787 633 abhorret.
828 571 905 630 Vide
919 571 986 632 diss.
996 572 1034 631 de
1042 581 1129 630 aetate
1137 571 1168 630 01

112 657 186 730 Arg.
202 673 232 731 p.
245 653 315 716 781.
355 653 390 710 ln
408 652 600 711 solutionibus
613 653 754 712 trochaici
768 654 890 724 numeri,
913 651 993 732 quod
1005 654 1052 711 hie
1065 652 1168 732 propior

112 733 294 813 dactylorum
308 745 440 794 naturam
454 733 609 805 accedunt,
629 734 716 794 etiam
731 752 797 795 cnm
813 736 997 814 correptione
1010 734 1108 793 hiatus
1124 735 1168 792 inv

111 827 171 887 tur,
195 825 229 874 ut
251 813 281 873 in
305 814 483 884 dochmiacis
505 815 671 894 sepissime,
696 817 733 877 de
757 817 862 897 quibus
881 836 909 876 v.
931 815 1052 878 Seidler.
1066 836 1096 894 p.
1109 820 1158 878 96.

113 896 221 957 Rarius
241 896 272 955 in
285 896 415 956 versibus
428 896 545 976 proprie
559 897 714 958 trochaicis
727 911 761 959 ut
774 898 852 980 apud
867 899 967 978 Eurip.
982 898 1047 979 lph.
1062 896 1168 957 Taua]

112 978 218 1059 dequo
231 976 309 1057 idem
325 977 471 1039 Seidlerus
484 999 514 1057 p.
528 982 578 1039 58.

193 1078 260 1158 φᾶνος
275 1079 317 1137 ἐπὶ
331 1077 401 1156 disp,
423 1076 494 1155 ι’ἷχιιι
507 1078 531 1137 τ’
544 1076 643 1156 ἔχων.

111 1177 218 1256 Neque
232 1177 290 1234 hoc
304 1176 423 1235 unicum
436 1189 481 1236 est
493 1177 659 1257 hujumodi
673 1177 851 1258 exemplum.
893 1175 971 1245 Quin
984 1175 1064 1236 haud
1074 1174 1136 1235 scio
1150 1194 1168 1235 a

114 1256 267 1339 Sophoclis
281 1257 400 1317 Electra
413 1263 484 1319 818.

192 1355 296 1429 ξῦνοιιιος
308 1354 406 1434 ’ἔσομαι’
417 1361 491 1417 annal
505 1357 561 1442 ciiii
574 1364 636 1443 orgis
646 1357 726 1439 πῦλῃ,

114 1455 151 1513 ab
170 1454 342 1513 emendandi
358 1467 466 1515 conatu
480 1458 624 1517 abstinere
638 1466 766 1535 praestet,
788 1472 877 1536 quum
896 1454 944 1514 hic
958 1454 1054 1513 hiatus
1068 1474 1128 1512 non
1151 1474 1168 1512 u

113 1533 144 1594 in
166 1535 323 1607 tribracho,
354 1538 406 1596 sed
429 1537 516 1596 etiarn
539 1539 568 1597 in
593 1556 713 1608 casura,
735 1537 896 1615 etquidem
911 1535 1168 1595 infinesententia

114 1616 151 1675 ln
159 1616 321 1696 dactylicis,
332 1619 570 1698 anapaesticisque
581 1619 719 1690 numeris,
741 1619 916 1696 omninoque
924 1621 954 1676 in
967 1616 1078 1675 melicis
1088 1615 1168 1676 hiatu

21 1744 24 1749 -
115 1708 251 1776 correpta
262 1698 351 1778 longa
358 1700 451 1758 vocali
464 1700 510 1758 vel
524 1701 706 1780 diphthongo
720 1718 779 1760 non
792 1700 909 1779 fugiunt
923 1698 1037 1776 tragici,
1052 1717 1140 1776 quem
1150 1718 1168 1757 e*

62 1797 64 1801 ⁴
115 1780 146 1839 iu
159 1778 226 1851 arsi,
248 1781 297 1838 ubi
311 1781 482 1858 producitur
496 1782 604 1842 vocalis
622 1783 677 1842 iata
697 1783 742 1842 rel
763 1782 971 1861 diphthongus,
992 1778 1168 1838 admiserunt

115 1881 173 1941 qua
187 1881 218 1919 re
232 1859 290 1920 vid.
304 1861 437 1924 Erfurdt.
451 1863 488 1922 ad
503 1863 578 1925 Oea
593 1865 631 1924 R.
645 1865 715 1928 507.
757 1865 806 1922 De
814 1861 991 1923 comicorum
1002 1861 1168 1938 anapaestis«

116 1943 264 2002 Portunus
277 1943 307 2000 in
320 1944 415 2024 suppl.
429 1945 509 2024 proef.
523 1947 561 2004 ad
575 1946 654 2007 Hec.
664 1967 694 2025 p.
704 1949 753 2006 46.
769 1964 807 2004 ss.
836 1945 920 2024 Saepe
933 1943 1021 2002 etiarn
1034 1941 1168 2001 historio

116 2023 292 2105 anapaestica
305 2035 359 2096 est,
379 2026 428 2084 ubi
442 2046 566 2106 persone
580 2039 724 2087 mutatur:
742 2029 825 2104 cujus
839 2025 954 2104 generis
968 2031 1103 2103 exempla
1122 2044 1149 2081 v.
1163 2042 1168 2081 ι

119 2106 281 2167 Seidlerum
295 2126 324 2186 p.
340 2112 388 2168 81.
431 2109 559 2169 Omnino
574 2121 673 2169 autern
683 2127 742 2168 non
756 2109 851 2168 curari
864 2107 976 2166 hiatum
989 2105 1020 2162 in
1034 2105 1167 2185 iuterJect

115 2182 180 2261 bui,
208 2209 254 2249 res
276 2200 321 2249 est
342 2189 500 2250 notissima.
543 2192 676 2271 Eamque
700 2190 841 2250 rationem
863 2198 1026 2267 sequuntur
1051 2187 1108 2245 alia
1136 2206 1168 2264 qu

115 2272 213 2344 rerba,
234 2290 300 2350 quae
313 2270 549 2352 interjectionum
564 2274 630 2332 loco
650 2283 728 2345 sunt,
744 2283 777 2332 ut
791 2271 869 2351 apud
886 2267 1061 2348 Sophoclem
1074 2267 1105 2326 in
1126 2269 1168 2326 Ph

118 2362 180 2413 teta
189 2373 218 2413 v.
232 2356 301 2413 888.
890 2381 893 2386 “

196 2449 439 2527 amma&

117 2557 148 2608 et
161 2547 192 2606 in
210 2547 302 2625 Ajace
315 2564 344 2607 r.
361 2552 428 2611 194.

197 2645 264 2706 ἄλλ’
278 2644 338 2719 iiia,
360 2644 509 2730 ἰξὲὶςιίινι.

119 2742 160 2803 Et
172 2743 203 2802 iu
217 2743 285 2824 ipsis
298 2744 452 2808 trimetris:
472 2745 632 2824 Sophocles
647 2745 677 2802 in
691 2743 809 2804 Acrisio
822 2762 869 2823 ap.
889 2743 1040 2802 Stobaeum
1062 2741 1168 2801 serni.l

199 2847 255 2924 βοᾷ
265 2871 313 2914 τις,
334 2839 666 2923 ἶᾶκοῦσὲἢμιίπιιῦλῧξ

120 2943 167 3002 Ita
180 2940 367 3001 scribendum
376 2941 500 3001 videtur.
542 2943 633 3020 Apud
649 2942 797 3000 Stobaeum
812 2949 857 3001 est
877 2937 990 3016 ἢμιίηι
1006 2943 1119 2999 tumst.
1160 2938 1168 2994 l

120 3022 296 3090 Brunclriua,
311 3039 399 3100 quem
412 3033 553 3104 sequutus
567 3034 613 3083 est
627 3022 775 3082 Seidlerus
785 3043 814 3102 p.
829 3024 879 3080 88.
893 3020 910 3089 i
923 3025 1027 3082 tanavd
1039 3019 1133 3098 μάτην.

121 3104 198 3184 garis
207 3123 304 3179 sermo
314 3102 344 3160 in
357 3104 468 3163 voculis
482 3109 518 3176 sl,
533 3104 581 3176 i'ra,
602 3109 659 3187 argi
670 3103 783 3163 hiatum
796 3101 958 3181 legitimum
972 3101 1060 3159 habet
1071 3100 1168 3179 apud<

121 3205 185 3246 cos.
226 3182 345 3263 Tragici
359 3203 397 3243 an
410 3185 596 3264 sa‘posuerint
604 3196 745 3264 sequente
754 3183 858 3254 vocali,
880 3182 1045 3242 dubitatum
1056 3192 1111 3241 est.
1153 3181 1168 3238 l

122 3266 164 3325 vit
178 3265 371 3327 Porsonusad
386 3267 490 3327 Phoen.
501 3272 571 3328 898.
582 3286 669 3345 quem
679 3277 839 3346 sequuntur
849 3263 906 3333 alii,
922 3274 955 3323 ut
964 3262 1069 3323 Monlr.
1080 3262 1118 3321 ad
1129 3262 1168 3320 Hi

123 3349 194 3412 975.
235 3346 399 3407 Blomiield.
420 3348 457 3407 ad
473 3348 553 3427 Sept.
568 3368 594 3407 c.
611 3349 705 3408 Theb.
731 3353 799 3408 198.
821 3349 891 3411 701.
915 3343 1022 3408 ιιεεοίο,
1038 3364 1076 3404 au
1100 3363 1160 3402 non

122 3442 214 3491 recte.
255 3431 439 3508 Quamquam
453 3429 558 3508 tragici
572 3455 602 3491 m
619 3439 628 3492 1
642 3449 700 3488 non
717 3439 831 3507 ponunt
846 3447 912 3486 cum
926 3427 1017 3498 hiatu,
1037 3426 1097 3505 qui,
1118 3437 1151 3484 ut

124 3506 276 3572 Porsonus
297 3510 460 3570 observavit
482 3510 520 3569 ad
539 3456 623 3570 Meri.
638 3515 707 3572 884.
722 3528 758 3569 ne
773 3508 939 3589 compositis
953 3507 1082 3587 quidem,
1104 3505 1134 3564 in
1149 3527 1168 3586 q

123 3600 191 3678 mgl,
211 3613 230 3655 a
243 3592 337 3653 vocali
347 3592 544 3674 exciperetur,
565 3591 595 3651 in
609 3592 739 3651 iambicis
752 3593 797 3652 vel
811 3590 967 3651 trochaicis
980 3589 1110 3649 versibus
1129 3589 1168 3646 usi

164 3684 194 3738 9.
223 3676 352 3740 Accedit
375 3674 419 3735 his
444 3685 570 3754 cognata
589 3673 722 3754 quaedam
744 3675 828 3747 ratio,
851 3692 916 3753 quae
939 3682 984 3732 est
1010 3671 1040 3728 in
1069 3689 1168 3748 correp

123 3756 278 3836 dipthongi
292 3758 321 3815 iu
336 3756 438 3818 mediis
448 3757 608 3831 vocabulis,
629 3767 770 3836 sequente
784 3757 840 3815 alia
853 3753 956 3812 vocali.
998 3752 1043 3810 Ea
1057 3763 1168 3830 corrept

125 3838 299 3915 quibusdam
322 3838 481 3911 vocabulis,
507 3849 539 3898 ut
562 3838 591 3897 in
613 3839 672 3910 οἷος,
693 3847 810 3910 τοιοῦτος,
832 3843 916 3907 riteh,
939 3833 1123 3892 usitatissima
1147 3853 1168 3893 er

125 3916 188 3976 aliis
201 3938 260 3979 uon
274 3920 412 3991 insolens,
436 3918 513 3977 utin
527 3946 556 3992 γε
572 3923 634 3989 arie,
657 3920 773 3991 διιίιιιις,
794 3945 851 3978 m
866 3922 918 3997 ᾄις,
940 3916 970 3973 in
984 3914 1047 3974 aliis
1061 3934 1125 3973 rara
1140 3934 1168 3972 vr

127 4012 265 4076 usurpata
278 4001 406 4062 omnino.
448 3949 593 4078 Exempla
606 4001 672 4059 ride
687 4000 765 4078 apud
785 3947 1025 4078 Hephaestionem
1044 3997 1073 4053 in
1099 3997 1168 4074 capii

128 4083 276 4138 communi
289 4083 408 4163 syllaba,
430 4091 460 4139 et
474 4081 554 4159 apud
568 4080 766 4141 Gaisfordium
780 4101 807 4158 p.
825 4084 894 4144 816.
936 4079 1024 4136 Adde
1041 4077 1168 4136 Seidlert

128 4177 217 4219 verss.
230 4159 345 4226 dochm.
360 4186 390 4244 p.
404 4166 452 4222 88.
471 4166 537 4221 101.
558 4162 715 4222 Monlrium
728 4161 766 4220 ad
782 4162 881 4240 Eurip.
897 4160 1018 4239 Hippoi.
1033 4163 1099 4220 170.
1146 4159 1168 4215 Ε

129 4239 184 4320 plis
195 4259 213 4298 a
226 4241 391 4305 Gaisfordio
406 4242 498 4304 allatis
512 4244 633 4303 accedat
651 4245 814 4322 φιλαθήναιος
828 4263 866 4302 ex
879 4240 1028 4318 Aristoph.
1043 4239 1132 4317 Vesp.
1148 4262 1165 4296 v

173 4327 221 4383 10.
243 4323 380 4402 Sequitur
395 4325 485 4395 elisio,
508 4343 573 4402 quae
583 4325 674 4395 hiatui
688 4323 807 4383 vitando
821 4324 949 4396 inventa,
964 4334 1062 4382 tamen
1074 4340 1133 4379 non
1150 4342 1168 4379 u
