2694 4866
480 272 580 355 mn.
597 293 640 353 11.
663 292 757 355 ose.
777 292 862 357 xus
946 326 950 333 -

112 463 404 541 legibus-contractio
416 456 497 523 nulla
509 462 625 523 admitti
644 474 752 543 potest.
793 462 872 523 Nam
893 462 1101 543 sive-primunr
1124 458 1213 525 daeo
1257 477 1268 518 t

113 558 229 625 tempus
243 557 274 605 et
287 545 459 615 secundnm,
472 544 533 605 eive
545 547 708 605 secundum
721 557 753 605 et
765 546 883 604 tertium
899 545 1149 618 contraherentur,
1160 542 1216 624 peri·
1259 560 1268 599 t

114 637 161 686 rat
174 646 312 688 numerus
325 626 482 706 paoniens,
503 645 579 686 nova
602 626 659 686 arsi
682 645 735 706 per
756 626 988 687 contractionem
1009 626 1218 701 introductae
1265 642 1268 681 1

115 719 167 769 aut
180 707 417 791 palimbacchius,
432 720 483 769 aut
497 708 634 768 Creticus
647 720 828 781 nasceretur,

196 859 313 890 -..υ
373 888 376 897 ,
516 858 632 889 ..υ-

116 962 239 1026 quorum
254 953 377 1020 uterque
391 942 464 1001 duas
477 959 556 1000 arses
569 940 668 1002 habat.
710 939 759 999 Ex
773 960 831 1020 quo
844 939 1044 1020 consequitur,
1065 961 1155 1023 quum
1166 942 1224 1003 Cre·
1266 918 1268 938 ¹

116 1027 168 1088 tici
190 1043 290 1085 versus
313 1035 344 1082 et
357 1023 481 1101 primum
495 1041 629 1100 peonem
644 1031 675 1083 et
689 1033 834 1100 quartum,
848 1022 1021 1102 quinetiam
1035 1027 1163 1103 quinque
1173 1024 1226 1085 bre·

113 1116 164 1169 ves
177 1106 303 1186 syllabas
317 1104 469 1182 recipiant,
489 1103 635 1182 paonicos
648 1122 709 1164 non
722 1102 776 1162 nisi
789 1123 829 1163 ex
841 1103 921 1183 puris
933 1102 1085 1182 peonibus
1106 1103 1227 1185 componi

113 1208 209 1270 posse.
250 1187 407 1256 Praeterea,
422 1197 625 1264 contraquam
648 1184 680 1243 ia
701 1184 826 1249 Creticis
849 1184 893 1258 tit,
916 1184 1227 1267 pluraapaeonasraote

114 1289 175 1332 uno
187 1268 291 1329 ordine
303 1266 452 1347 periodica
466 1268 697 1346 conjunguntur,

196 1383 325 1448 ..s-ww
338 1416 477 1449 *0va

114 1498 360 1580 quemadmodum
371 1496 490 1556 troohaei
500 1497 606 1578 plures,
616 1498 664 1558 vel
676 1496 795 1578 dactyli.
836 1496 1038 1579 Eandemque
1049 1490 1088 1559 ab
1098 1516 1225 1571 cauum

115 1593 149 1641 ut
163 1582 192 1640 in
207 1578 360 1674 dactylicis
373 1579 500 1638 numeris
515 1579 632 1658 quidam
646 1581 804 1641 imminutis
827 1569 976 1640 ordinibus
999 1578 1183 1652 decrescunt,
1193 1580 1226 1639 ite

45 1706 48 1711 -
113 1662 216 1723 eadem
230 1673 305 1721 ratio
319 1662 348 1718 in
361 1654 511 1740 paeonibus
526 1661 680 1729 invenitur.
701 1666 768 1731 Quo
776 1680 885 1738 genere
895 1673 926 1720 et
940 1657 1039 1721 Greci
1052 1660 1098 1721 usi
1110 1670 1225 1733 sunt,et,

65 1772 67 1777 .
114 1745 166 1823 qui
179 1744 233 1803 hos
246 1742 323 1802 inter
334 1752 479 1801 nostrates
502 1741 533 1799 in
556 1741 654 1823 primis
677 1742 756 1803 felici
779 1741 876 1801 studio
895 1741 1052 1803 ,aemulatus
1071 1753 1129 1818 est,
1148 1742 1226 1834 Klop-

112 1824 255 1896 stockius,
267 1843 286 1883 a
299 1841 400 1904 paone
414 1841 478 1904 per.
490 1821 640 1904 dactylum
664 1835 695 1885 et
719 1822 879 1887 nemaeum
902 1822 941 1885 ad
955 1822 1226 1907 unam'usque‘anu

110 1907 304 1979 descendens,

193 2005 334 2071 LUUU
347 2038 584 2072 ..uua-va.

132 2128 137 2143 ¹
179 2122 275 2207 nieder
286 2139 320 2177 zu
332 2122 392 2178 dem
403 2121 483 2179 haine
494 2123 542 2180 der
552 2122 651 2179 bardan
663 2117 749 2181 seule

111 2223 193 2287 Deni
214 2246 261 2299 ue,
276 2219 521 2306 quemadmodum
534 2227 564 2286 in
577 2220 713 2288 trochaeis
726 2237 757 2288 et
780 2222 905 2321 dactylis
926 2223 1074 2305 praemissa
1096 2218 1223 2297 macrii.

110 2327 177 2388 quta
187 2247 263 2369 tbesi
272 2327 325 2388 par
335 2318 389 2381 est,
404 2307 520 2368 iambici
528 2321 559 2369 et
565 2307 733 2389 anaptici
746 2327 860 2368 numeri
873 2306 1016 2380 oriuntur,
1031 2306 1073 2367 ita
1086 2325 1125 2367 ex
1139 2302 1223 2388 pri'mit

110 2386 272 2468 paeondsus,
287 2408 377 2468 quum
392 2389 479 2449 trium
493 2401 658 2468 temporum
671 2390 818 2451 anacrusis
832 2389 956 2463 accedit,
971 2387 1068 2468 quarti
1080 2396 1223 2451 nmcuntut

133 2488 238 2530 aeonm.
1011 2484 1015 2491 ⁴
1258 2528 1262 2535 .

110 2489 132 2552 p
154 2557 185 2612 4.
206 2550 265 2610 Sed
280 2550 336 2609 etsi
349 2534 501 2609 numer'um
517 2550 666 2631 utriusqus
680 2554 795 2632 generis
808 2553 851 2614 ita
860 2552 1004 2613 diversum
1024 2571 1090 2615 esse
1108 2559 1222 2633 apparel.
1257 2544 1268 2578 ’-

112 2641 155 2700 ut,
172 2630 222 2710 qui
237 2650 335 2691 versus
349 2631 438 2711 pedes
454 2633 585 2696 Creticos
594 2635 693 2706 habet,
707 2655 765 2694 non
779 2636 871 2714 possit
880 2634 1028 2715 paeonicus
1041 2652 1116 2709 csse,
1129 2646 1221 2701 lewa
1263 2652 1268 2657 '

113 2713 182 2790 quia
195 2713 266 2772 nihil
282 2713 411 2793 impedit,
428 2714 497 2793 quin
508 2716 601 2795 quivis
614 2716 762 2796 paeonicus
772 2735 871 2776 versus
884 2736 938 2796 pro
953 2714 1072 2783 Cretico
1085 2714 1220 2782 habeatur,

112 2794 170 2854 hoc
185 2795 302 2873 quidem
317 2808 431 2855 certum
445 2808 499 2869 eat,
515 2798 640 2857 Creticis
653 2797 782 2857 versibus
797 2816 863 2857 usos
876 2816 940 2856 essa
954 2796 1087 2868 Graecos,
1100 2794 1172 2857 iliud
1182 2812 1221 2885 aa·¹
1264 2812 1268 2817 ’

112 2890 172 2934 tem
185 2876 283 2937 adhuc
296 2878 417 2936 dubium
431 2888 540 2950 nranet,
554 2896 592 2939 an
606 2879 692 2939 etiam
707 2879 853 2957 paeonicos
865 2878 999 2939 fecerint.
1019 2876 1090 2937 Non
1099 2876 1223 2939 seciaes
1259 2886 1266 2894 '

112 2957 177 3035 quis
191 2956 359 3027 contendat,
376 2959 479 3016 mirum
493 2979 528 3017 ac
543 2979 618 3039 pene
633 2959 803 3019 incredibile
815 2959 948 3020 videatur
961 2978 1082 3019 necesse
1097 2968 1150 3030 est,
1163 2972 1221 3037 quot
1260 2968 1268 2977 '

111 3037 220 3115 lingue
233 3037 379 3116 aptissima
403 3041 604 3112 conformatio,
626 3060 700 3121 quos
722 3056 824 3100 sensns
843 3040 882 3100 ad
895 3038 992 3100 omnia
1004 3039 1152 3112 flexibilis,
1164 3051 1220 3118 qnos

112 3117 222 3197 ingenii
235 3119 343 3177 eximia
356 3120 483 3180 sollertia
496 3122 645 3195 invitabat,
661 3134 693 3181 nt
706 3121 786 3181 hunc
809 3141 927 3201 quoque
951 3141 1117 3193 numerum,
1131 3122 1160 3181 in
1177 3133 1221 3207 quq

112 3198 196 3261 tanta
208 3200 251 3259 vis
265 3218 298 3260 ac
311 3213 447 3260 venustas
460 3215 514 3275 est,
530 3213 686 3277 tentarent,
700 3203 731 3262 in
744 3202 812 3263 solia
825 3203 961 3263 trocheis
981 3212 1012 3262 ct
1033 3202 1167 3284 dactylis,
1182 3214 1220 3278 qul

1 3322 3 3325 ι
112 3281 190 3341 uitro
213 3301 277 3341 sese
291 3282 461 3353 obtrudunt,
477 3286 649 3347 constitisse.
692 3286 767 3345 Sunt
781 3304 850 3344 vero
859 3284 948 3345 etiam
961 3284 1027 3357 alia,
1042 3304 1110 3364 quoe
1123 3283 1221 3345 faciam

112 3375 211 3423 utens
235 3383 295 3423 non
320 3365 492 3426 abstinuisse
515 3386 533 3426 a
554 3368 686 3445 paeonico
709 3384 831 3426 numero
844 3366 997 3427 verisimile
1020 3365 1070 3425 sit.
1110 3366 1220 3425 Primum

111 3447 200 3516 enim,
215 3445 333 3524 siquod
347 3447 384 3505 ab
399 3466 435 3505 eo
448 3448 540 3526 repeti
554 3459 758 3526 argumentum
771 3459 880 3528 potest,
895 3448 945 3526 qui
958 3466 1010 3528 pes
1023 3460 1130 3526 regnet
1141 3448 1170 3506 in
1180 3441 1219 3504 aii*

110 3547 170 3606 quo
183 3547 318 3586 versuum
333 3547 451 3607 genere,
460 3527 611 3589 fatendum
625 3530 690 3601 erit,
704 3549 794 3610 quum
808 3529 856 3588 alii
869 3548 969 3590 versus
981 3530 1044 3588 l'ers
1054 3531 1111 3589 toti
1125 3524 1222 3590 cretio

110 3609 187 3687 pede
200 3608 347 3682 incedant,
362 3610 410 3669 alii
423 3623 521 3671 autem
536 3623 704 3671 constanter
726 3611 819 3671 solum
841 3630 972 3690 paeonem
985 3610 1125 3682 habeant,
1138 3600 1222 3669 nonii

115 3703 226 3751 temere
240 3691 286 3750 vel
301 3710 370 3751 casu
383 3692 494 3752 factum
515 3693 617 3752 videri.
658 3692 785 3764 Deinde,
806 3693 830 3751 si
845 3692 929 3772 primi
942 3711 1061 3771 paones
1074 3689 1180 3755 Cretici
1190 3700 1223 3745 a?

120 3784 191 3846 ent,
205 3774 332 3833 maxime
346 3774 450 3833 mirum
464 3776 553 3845 foret,
568 3774 757 3854 posteriorem
770 3775 867 3853 potius
881 3775 957 3834 arsin
966 3773 1051 3846 solvi,
1064 3792 1152 3852 quam
1162 3767 1222 3851 pria

115 3871 186 3913 rem.
228 3855 263 3912 ln
276 3855 332 3912 line
344 3856 420 3913 enim
432 3857 639 3933 conquiescere
649 3875 803 3915 numerum
816 3868 1046 3916 consentaneum
1059 3867 1116 3916 est.
1154 3847 1224 3914 Uno
1261 3874 1267 3886 ·

115 3948 203 4008 snpra
216 3935 244 3993 in
259 3936 390 3995 versibus
403 3937 559 3996 trochaicis
578 3938 803 4010 observavimus,
823 3937 945 4017 primam
967 3928 1224 4015 dipodiarumarsifl
1258 4000 1268 4009 ,

115 4013 273 4086 lubentius,
288 4037 374 4096 quam
388 4018 545 4077 secundam
560 4020 642 4078 solvi.
670 4021 761 4079 Porro
775 4020 969 4098 magisetiam
981 4018 1090 4077 mirum
1104 4028 1147 4077 ast
1158 4006 1222 4075 ilud
1254 4053 1268 4077 ,ω

114 4095 193 4172 quod
208 4096 238 4153 in
254 4096 297 4166 iis,
314 4100 363 4178 qui
376 4099 461 4158 nobis
474 4101 598 4177 poeonici
610 4117 712 4159 versus
724 4119 788 4161 esse
801 4100 947 4173 videntur,
967 4099 1063 4179 prima
1075 4099 1147 4159 arsis
1157 4100 1224 4157 nult·

115 4194 201 4253 qnam
216 4176 348 4252 solvitur,
364 4200 454 4259 qnum
468 4181 498 4240 id
513 4192 611 4240 tamen
624 4181 656 4240 in
668 4180 867 4252 hisversibus,
881 4183 931 4261 qni
955 4181 1075 4243 Cretici.
1091 4190 1167 4250 sunt,
1178 4175 1225 4237 fiel·

111 4256 250 4335 Denique
265 4258 322 4318 hnc
336 4282 453 4342 quoque
470 4264 624 4323 observatu
638 4262 765 4340 dignum-
784 4275 838 4335 est,
853 4263 981 4342 tragicos
996 4261 1123 4323 Creticis
1136 4258 1226 4347 potius

113 4357 200 4418 quam
214 4339 314 4420 primis
327 4345 477 4424 paeonibus
492 4362 558 4407 usos
573 4363 646 4423 esse,
660 4362 778 4425 paones
792 4356 891 4411 autem
904 4345 970 4410 illos
990 4343 1142 4426 reliquisse
1154 4355 1228 4406 comt·

652 4446 664 4490 1
