2694 4866
170 259 210 322 sa
286 250 706 317 ammonemus
728 226 1043 317 moon-rara
1058 254 1188 323 acar.
1219 322 1224 330 ,

177 425 210 486 in
224 445 283 505 quo
295 424 432 505 neglecta
446 433 490 486 est
514 442 635 496 casura,
660 442 747 503 quam
761 443 815 502 par
838 434 884 483 est
897 423 1030 484 eamdem
1044 442 1118 498 esse,
1139 437 1172 486 ut
1186 424 1217 485 in
1231 436 1307 488 cata·

178 507 298 568 lectica.
338 508 374 566 In
396 526 484 567 scena
496 506 546 566 hic
568 525 668 566 versus
686 505 765 585 apud
780 505 902 565 Graecos
916 526 976 566 non
990 519 1035 566 est
1048 507 1176 568 auditus,
1219 509 1305 571 Certe

179 609 323 668 nusquam
337 588 482 648 invenitur
502 588 532 646 in
545 587 601 660 his,
616 607 681 667 quae
702 587 739 646 ad
759 584 813 646 rios
833 601 1039 666 pervenerunt,
1059 589 1239 667 tragicorum
1259 610 1304 651 co-

180 671 383 750 micorumque
393 669 531 748 reliquiis.
552 670 629 729 Nam
645 668 798 748 Eupolidis
811 669 899 728 verba
909 670 989 749 apud
1005 669 1181 730 Athenaeum
1195 692 1225 750 p.
1243 677 1303 735 188.

179 754 215 816 F.
235 772 296 813 non
315 752 435 813 dubium
450 752 566 811 videtur
580 751 651 830 quin
664 750 694 808 in
708 750 783 809 duos
806 749 945 810 dimetros
959 751 1140 830 disponenda
1159 752 1228 822 sint,

189 877 197 889 ’
259 867 383 936 lambda
396 871 440 947 μὲν
452 869 614 947 τυμπανίζει,

258 958 304 1013 stul
317 950 463 1027 dusdst‘hhu
475 950 610 1032 sgryeirsa,

177 1064 378 1145 similiterque,
403 1064 428 1123 si
450 1065 528 1125 forte
547 1063 604 1124 alia
618 1063 752 1143 quaedam
775 1063 941 1144 hujusmodl
965 1063 1102 1144 exempla
1117 1067 1319 1145 reperiantur„

176 1147 276 1208 Aliter
288 1146 383 1206 visum
400 1147 599 1206 Romanorum
621 1156 653 1205 et
677 1146 795 1225 tragicis
817 1158 848 1205 et
872 1145 1005 1206 comicis.
1047 1147 1089 1206 Et
1101 1146 1230 1226 tragicos
1243 1148 1299 1229 qui·
1334 1126 1337 1203 l

134 1262 138 1279 ι
175 1229 244 1289 dem
259 1229 408 1288 Romanos
421 1228 479 1287 hoc
493 1227 579 1287 metri
592 1246 701 1306 genere
715 1247 782 1288 usos
796 1246 871 1301 esse,
895 1228 1008 1308 aliquot
1030 1229 1198 1308 fragmenta
1210 1241 1299 1292 osan
1334 1210 1337 1275 l

176 1314 262 1384 dunt,
276 1321 310 1369 ut
325 1309 414 1368 Ennii
426 1310 456 1368 in
471 1310 617 1389 Thyeste:
1290 1320 1294 1331 ’

246 1427 305 1498 ipse
316 1427 425 1482 summis
438 1426 509 1482 saxis
521 1429 591 1481 fixus
603 1426 711 1497 asperis,
723 1424 885 1482 evisceratus

245 1498 330 1554 latere
341 1500 467 1570 pendens,
479 1517 543 1554 saxa
561 1515 686 1572 spargens
697 1501 770 1564 tabo,
782 1499 864 1565 sanie,
881 1508 909 1554 at
927 1497 1054 1570 sangnine
1071 1507 1140 1555 atra.

177 1599 271 1659 Aliud
284 1602 451 1682 exemplum
467 1622 505 1661 ex
522 1603 599 1662 Attii
614 1603 758 1682 Telepho,
773 1602 826 1662 sed
839 1602 915 1682 pede
939 1603 1115 1677 mutilatum,
1134 1605 1220 1685 'apud
1242 1605 1297 1665 No·

173 1684 256 1742 nium
270 1694 367 1742 exstat
380 1685 410 1741 in
424 1705 452 1744 v.
466 1686 635 1746 maestitudo.
677 1684 767 1763 Apud
791 1684 920 1744 comicos
943 1695 1040 1744 autem
1055 1705 1115 1745 non
1139 1688 1296 1747 minusfre

173 1776 311 1843 quantem
325 1765 412 1844 hujus
426 1767 511 1825 metri
525 1786 609 1825 usum
623 1765 877 1844 deprehendimus,
901 1767 956 1825 etsi
980 1767 1060 1827 nulla
1072 1767 1152 1848 apud
1166 1769 1294 1831 Plautum

174 1847 384 1906 Terentiumve
411 1867 499 1907 scena
522 1859 629 1920 exstat,
658 1867 724 1926 quae
748 1858 810 1907 tota
832 1867 868 1906 eo
892 1867 980 1907 versu
1003 1848 1113 1928 scripta
1133 1850 1181 1912 sit.
1223 1850 1294 1917 Quin

172 1929 345 2009 plerumque
369 1928 521 2008 subjicitur
546 1942 715 1989 tetrameter
738 1928 938 2002 catalecticus,
962 1929 1017 1998 vel,
1034 1949 1121 2010 quam
1143 1931 1294 1993 clausulam

67 2035 70 2042 ⁴
171 2020 290 2082 vocant,
305 2009 428 2070 dimeter
443 2009 641 2083 catalecticus,
665 2011 707 2070 ita
731 2022 764 2069 ut
788 2008 928 2090 suspicari
949 2009 1046 2086 liceat,
1061 2031 1161 2071 versus
1175 2012 1295 2092 hosple·

170 2111 296 2171 rumque
319 2103 509 2171 systematum
530 2093 631 2164 instar,
657 2090 804 2152 catalexin
827 2092 1008 2163 habentium,
1034 2095 1175 2173 conjungi
1202 2094 1293 2156 solitos

170 2193 244 2237 esse.
287 2173 348 2234 Sed
361 2175 399 2235 de
422 2175 478 2235 hac
492 2194 524 2234 re
543 2187 606 2235 tum
627 2173 832 2255 disputabitur,
858 2194 948 2253 quum
968 2173 1108 2236 iambicos
1122 2195 1223 2237 versus
1235 2183 1293 2257 per*

169 2256 399 2340 tractaverimus,
442 2261 588 2320 Caeterum
603 2256 633 2314 in
653 2255 804 2315 trochaico
819 2254 981 2327 octonario,
997 2256 1050 2350 lsic
1064 2256 1143 2316 enim
1156 2252 1292 2318 a'Latinis
1333 2250 1337 2283 ⁴

105 2385 108 2388 .
168 2339 302 2416 vocatur)
316 2339 374 2397 hoc
388 2339 488 2398 neseio
508 2357 546 2398 an
566 2338 715 2416 proprium
738 2335 866 2415 habeant
880 2338 1018 2411 Romam,
1033 2336 1113 2418 quod
1125 2330 1292 2400 solutionem

168 2420 200 2478 in
214 2419 343 2478 trochaeo
358 2419 437 2477 finali
451 2419 506 2477 sibi
525 2419 690 2496 indulgent,
713 2436 886 2496 versumque
910 2418 1059 2479 tribracho
1080 2420 1129 2480 -vel
1151 2431 1290 2502 anapaesto

166 2500 244 2558 finiri
258 2498 426 2577 patiuntur:
447 2499 527 2579 quod
540 2499 581 2557 illi
592 2500 680 2558 etiarn
701 2499 731 2556 in
744 2498 874 2559 iambicis
889 2499 1068 2563 catalecticis
1081 2501 1210 2567 faciuntz
1229 2502 1291 2561 dac·

67 2606 72 2618 ¹
166 2580 246 2660 tylus
259 2599 329 2639 vero
343 2580 372 2637 in
387 2580 489 2640 ultima
501 2580 571 2640 sede
585 2578 666 2639 nullo
683 2580 774 2640 modo
795 2580 909 2643 admitti
921 2594 1029 2660 potest.
1072 2583 1218 2662 Exemplo
1232 2595 1291 2644 utar

167 2682 245 2803 unqq
252 2661 352 2802 spdlqp
366 2661 438 2805 quala
451 2663 538 2724 etiam
551 2673 672 2745 propter
685 2662 755 2723 alias
768 2681 816 2724 res
829 2664 1018 2724 memorabili.
1043 2662 1098 2726 Es't
1112 2665 1185 2725 illud
1199 2662 1289 2726 Plauti

247 2764 286 2804 u.
352 2787 358 2801 .
394 2789 403 2818 ,
441 2787 448 2801 .

235 2861 321 2932 optati
333 2859 412 2928 cives,
422 2861 573 2934 populares,
583 2861 689 2929 incolae,
700 2860 808 2928 accolae,
818 2859 928 2917 advena
941 2878 1043 2929 omnes,

237 2933 300 2987 date
312 2934 392 2999 viam,
409 2952 461 3004 qua
472 2932 563 3003 figere
574 2933 663 3000 liceat,
682 2932 762 2988 iricite
773 2943 840 2987 tota
851 2933 947 3004 plritcae
964 2940 1084 3004 pateant,

235 3004 324 3074 neque
333 3021 382 3074 ego
395 3021 527 3074 umquam,
536 3004 587 3059 nisi
596 3004 676 3059 hridie
683 3005 717 3059 ad
725 3004 843 3059 Bacchas
851 3004 947 3059 veniin
957 3002 1109 3059 bacchanal
1116 3004 1287 3076 coquitatumt

234 3075 274 3129 lta
285 3092 328 3128 me
340 3074 463 3128 miserum
476 3085 503 3129 et
516 3075 588 3129 meris
600 3076 745 3146 discipulos
756 3074 870 3131 hiatibus
882 3076 951 3130 male
964 3075 1153 3131 cdntuderunt.

235 3147 309 3200 tritus
321 3144 401 3200 doleo
413 3156 493 3216 atque
504 3146 604 3217 ‹ippido
616 3147 696 3218 perii;
716 3149 755 3202 lta
765 3164 808 3201 me
818 3147 871 3202 iste
882 3145 975 3202 habuit
987 3145 1068 3202 senex
1085 3148 1257 3219 gymnasium.

165 3251 345 3332 Coquitolum
359 3249 471 3329 scripsi,
486 3261 518 3309 ut
533 3250 636 3310 Festus
649 3251 754 3330 legisse
768 3251 891 3311 videtur.
933 3251 1093 3330 Vulgatum
1102 3253 1294 3334 coquinotum,

161 3335 194 3393 in
214 3350 275 3411 quo
289 3333 419 3391 secunda
433 3331 543 3410 syllaba
555 3333 738 3410 producitur,
760 3333 803 3391 sic
818 3344 931 3392 tanturn
945 3333 1015 3392 ferri
1028 3344 1137 3412 posset,
1151 3335 1177 3393 si
1193 3336 1288 3397 ultima

111 3481 114 3489 ,
160 3415 193 3474 in
202 3410 375 3494 sequentem
384 3432 500 3472 versum
511 3413 677 3474 elideretur.
700 3419 774 3483 Quae
783 3427 882 3474 autem
894 3414 954 3474 dixi
963 3415 992 3472 in
1004 3416 1061 3474 hoc
1072 3415 1138 3476 loco
1149 3435 1288 3478 memora·

161 3498 232 3561 bilia
245 3515 318 3569 esse,
333 3495 397 3556 haec
411 3505 489 3564 sunt,
504 3495 608 3574 primo,
624 3494 703 3574 quod
716 3495 813 3555 nullus
827 3496 980 3577 subjicitur
994 3496 1202 3560 catalecticus:
1223 3517 1287 3559 nam

160 3581 212 3660 qui
225 3589 387 3658 sequuntur
410 3596 520 3649 versus,
535 3576 652 3636 iambici
666 3577 808 3637 octonarii
821 3590 903 3646 sunt;
924 3566 1039 3651 deinde,
1062 3570 1141 3657 quod
1154 3578 1186 3637 in
1208 3578 1289 3660 quini

160 3673 192 3721 to
205 3680 291 3723 versu
305 3678 364 3719 non
383 3671 427 3719 est
440 3659 520 3719 facta
533 3659 615 3719 elisio
636 3657 666 3716 in
681 3677 805 3720 caesura:
827 3680 865 3720 ex
881 3679 939 3737 quo
953 3659 1136 3738 intelligitur,
1150 3661 1205 3721 hos
1219 3682 1289 3742 quo·

57 3760 61 3772 ·
159 3762 217 3823 que
230 3761 329 3803 versus
343 3742 448 3801 eodem
469 3742 568 3813 modo,
594 3751 627 3800 ut
648 3741 838 3821 septenarios,
863 3752 1045 3821 asynartctos
1058 3741 1138 3822 apud
1151 3741 1287 3804 Plautum

157 3843 230 3905 esse.
273 3823 322 3884 Sic
336 3823 424 3883 etiam
438 3821 506 3880 alibi
520 3834 552 3881 ut
567 3823 676 3883 Bacch.
690 3826 750 3884 IV.
764 3827 793 3896 3,
811 3828 838 3884 1.

227 3925 360 4009 petulans,
372 3949 506 4011 protervo,
517 3939 644 3994 iracundo
656 3937 745 3995 animo
757 3938 898 4005 indomito,
909 3937 1067 4009 incdgitato,

228 4013 286 4065 sine
298 4011 379 4064 modo
397 4021 425 4065 et
437 4008 568 4064 modestia
580 4029 646 4077 sum,
658 4012 715 4065 alne
727 4013 798 4064 bono
807 4012 868 4082 jure
880 4011 960 4081 sitque
971 4009 1084 4078 honore,

172 4095 176 4107 ’
228 4081 399 4148 incredibilis,
410 4083 549 4153 imposque
561 4082 649 4148 animi,
661 4081 818 4147 inamabilis,
828 4082 953 4154 illepidus
964 4082 1033 4138 vivo.
1125 4091 1129 4101 “

157 4184 306 4246 Caeterurn
331 4184 467 4261 quoniam
482 4184 540 4243 hoc
553 4183 639 4244 metri
652 4204 756 4263 genus,
778 4196 811 4243 ut
825 4185 976 4245 Bentleius
989 4185 1019 4244 in
1033 4183 1238 4247 dissertatione
1252 4185 1290 4248 de

156 4265 257 4326 metris
272 4264 455 4325 Terentianis
470 4280 501 4325 et
524 4267 562 4326 ad
576 4265 653 4325 Eun.
669 4266 724 4328 IV.
738 4272 769 4340 6,
784 4271 814 4327 5.
829 4269 1001 4340 observavit,
1016 4267 1079 4328 fere
1092 4267 1131 4328 ad
1150 4287 1291 4348 maguum

154 4346 364 4437 animimotum
375 4347 597 4429 significandum
605 4349 772 4478 adhibegur‚
784 4366 907 4432 eamque
918 4351 956 4414 ob
967 4368 1099 4418 caussam
1113 4349 1290 4428 tribrachos,
