2694 4866
110 328 171 411 eoa
480 334 578 403 'nra
598 339 657 403 111.
677 341 772 403 cnr.
792 341 849 403 rx.

184 554 202 581 “
213 548 312 606 malum
325 550 425 605 dabunt
436 548 542 605 Metelli
553 548 649 605 Nrerio
661 551 757 622 pobtae.

112 664 134 697 ⁸⁸
147 654 196 712 hic
210 653 288 712 enim
303 652 455 714 Saturnius
469 663 584 711 constat
598 671 637 711 ex
654 649 852 730 Hipponactei
867 648 1001 728 quadrati
1014 649 1134 712 iambici
1147 662 1235 733 porte-

113 747 134 859 :
148 736 224 874 rilore
245 745 390 794 commate
414 745 444 794 et
468 733 594 813 phullico
617 744 721 793 metro.
762 732 962 812 Hipponactei
985 732 1124 814 quadrati
1145 752 1237 796 exero·

30 850 33 855 -
148 836 246 898 pum:

184 936 201 963 “
216 952 250 1006 qu
255 933 283 987 id
295 931 493 988 immerentibus
505 924 609 988 nocer?
624 929 691 1005 quid
701 928 803 987 inrides
814 928 929 987 amicis?

112 1048 133 1080 ‘⁶
147 1058 223 1106 nam,

183 1157 200 1184 “
212 1154 309 1208 malum
323 1154 423 1209 dabunt
436 1151 550 1219 Metelli,

111 1272 134 1304 ‘⁶
148 1260 241 1321 simile
255 1271 298 1319 eat
312 1259 364 1330 illi,

181 1380 199 1408 “
211 1375 385 1453 quidinvidea
394 1373 498 1431 amicis:

111 1492 131 1523 “
146 1481 195 1542 cui
209 1481 341 1540 detracta
354 1478 465 1559 syllaba
477 1478 549 1538 facit
563 1475 711 1558 phallicon
722 1487 859 1551 metrum,

181 1596 313 1653 “invides
329 1595 431 1652 amicisz

110 1711 131 1744 ‘⁴
145 1723 184 1764 ex
199 1703 303 1783 quibus
317 1702 494 1783 compositus
508 1712 553 1761 est
566 1699 616 1760 hic
631 1700 796 1776 Satumiur,
810 1713 844 1764 ut
853 1703 891 1765 sit
904 1722 957 1785 par
969 1706 1052 1783 lruic,

181 1825 200 1853 “
211 1821 276 1897 quid
287 1821 389 1878 invides
401 1818 515 1876 amicis?
533 1818 635 1875 invides
648 1817 748 1877 amieis.

114 1940 134 1972 ‘⁸
147 1927 318 1996 hocmodo,

181 2047 199 2075 “
210 2044 308 2098 malum
321 2043 422 2098 dabunt
431 2042 536 2099 Metelli
548 2044 643 2101 Naevio
655 2043 771 2117 poetar?
855 2093 860 2099 .

110 2166 195 2227 Male
208 2166 257 2226 hic
271 2166 315 2224 bis
328 2185 381 2244 pro
396 2165 521 2243 phallico
535 2167 739 2228 nominabatur
750 2163 937 2228 Phalreciunr.
977 2164 1064 2229 ldem
1086 2171 1193 2232 Atilius
1207 2190 1232 2250 p.

111 2253 202 2312 2698.
245 2259 264 2288 ‘⁴
281 2248 417 2306 Saturnio
432 2258 525 2306 metro
540 2251 664 2327 primum
679 2250 709 2307 in
724 2249 808 2308 ltalia
822 2248 886 2309 usi:
907 2247 1020 2309 dictum
1039 2262 1141 2313 autem
1157 2249 1231 2315 sSa·

112 2340 133 2372 ‘⁶
148 2328 245 2389 turnia
258 2330 330 2388 urbe
343 2329 536 2388 vetustissima
548 2331 650 2390 ltaliae.
658 2331 708 2389 hic
718 2348 817 2389 versus
828 2330 968 2390 obscurus
978 2330 1154 2410 quibusdam
1163 2334 1233 2394 vide·

112 2422 134 2454 ⁸‘
149 2423 207 2482 tur,
236 2410 304 2489 quia
329 2410 433 2488 passim
461 2422 492 2469 et
517 2410 579 2469 sine
603 2430 675 2470 cura
698 2431 734 2470 eo
758 2411 892 2471 homines
912 2413 1093 2473 utebanturr
1115 2416 1232 2476 max‘orrt

112 2504 135 2536 ⁴⁴
149 2505 246 2552 tamen
262 2491 465 2569 triumphaturi
478 2491 509 2549 in
524 2492 669 2571 Capitolio
684 2493 796 2553 tabulas
809 2494 976 2571 hujusmodi
988 2496 1121 2557 versibus
1133 2495 1231 2558 incide·

114 2585 135 2618 ⁸⁴
150 2575 231 2646 bant,
245 2572 277 2631 id
290 2583 335 2632 est
348 2574 408 2632 nic:

181 2711 199 2739 “
211 2722 326 2764 summas
338 2725 403 2779 opes
415 2706 459 2778 qui
472 2723 561 2778 regum
574 2707 657 2778 regias
669 2707 784 2779 refregit.

115 2826 137 2857 “
149 2814 239 2874 habet
253 2825 350 2873 autern
365 2814 458 2892 prima
472 2825 554 2891 parte
568 2814 712 2874 iambicon
728 2813 872 2873 dimetron
887 2812 1092 2888 catalecticum
1103 2813 1133 2873 in
1143 2831 1233 2875 secun·
1270 2772 1272 2865 l

114 2906 135 2937 ‘⁸
148 2897 187 2956 da
201 2894 371 2954 trochaioon
385 2894 674 2974 brachycatalecton,
689 2894 769 2987 quod
782 2894 1004 2976 ithyphallicunr
1018 2894 1156 2971 diximus,
1169 2906 1201 2957 ut
1270 2920 1272 2955 :

180 3030 199 3057 “
211 3028 312 3082 dabunt
324 3025 421 3080 malum
434 3027 540 3082 Metelli
552 3028 647 3083 Naevio
659 3028 776 3099 poitae.'’

152 3157 183 3214 4.
204 3150 301 3211 Facile
316 3169 356 3209 ex
370 3149 414 3208 his
429 3149 609 3230 intelligitur,
625 3151 711 3211 metri
728 3150 857 3213 Saturnii
869 3150 947 3212 hanc
959 3170 1026 3213 esse
1038 3153 1178 3215 formam:

192 3266 739 3352 vLu-ussvlLu-u-u

111 3401 189 3461 Nam
204 3400 228 3460 si
241 3400 423 3478 grammatici
436 3400 524 3460 etiam
537 3401 590 3460 has
603 3402 711 3461 formas
725 3400 780 3462 sibi
793 3400 937 3462 invenisse
951 3400 1004 3461 visi
1017 3414 1099 3479 aunt,

183 3517 268 3572 turdis
280 3517 405 3572 edacibus
418 3518 494 3573 dolos
507 3535 652 3588 comparas,
664 3519 759 3583 amice;

184 3588 308 3644 consulto
319 3590 444 3660 producit
456 3608 526 3656 eum,
537 3607 591 3662 quo
604 3590 639 3644 sit
650 3589 843 3662 impudentior:

114 3727 237 3787 quorum
251 3727 385 3766 versuum
400 3710 542 3788 posterior
558 3710 738 3790 Eupolideus
759 3721 814 3784 est,
835 3730 894 3770 non
914 3722 959 3771 est
979 3712 1148 3787 obscurum,
1161 3706 1226 3793 quod

114 3790 257 3868 prosodiae
271 3789 376 3848 veteris
390 3790 483 3868 ignari
497 3803 603 3860 essent,
619 3792 738 3853 finxisse
747 3812 797 3853 eos
807 3793 943 3874 exempla
952 3793 1099 3873 quoedam,
1110 3793 1226 3876 qurefor·

112 3870 177 3942 mis,
194 3890 265 3949 quas
278 3870 419 3948 reperisse
433 3892 464 3930 se
478 3884 626 3950 putarent,
647 3874 755 3933 similes
775 3886 881 3935 essent.
923 3875 1005 3935 Nihil
1025 3874 1187 3957 hujusmodi
1203 3873 1226 3931 in

112 3952 242 4010 versibus
257 3952 400 4010 Saturniis
413 3964 543 4012 veterum
559 3957 712 4035 poetarum
727 3956 877 4017 inventum
891 3976 965 4032 esse,
986 3959 1178 4019 certissimum
1192 3972 1227 4016 ar·

111 4031 214 4091 bitror.
256 4033 339 4092 Talia
351 4053 431 4105 vero,
446 4045 479 4094 ut
492 4034 574 4107 illud,

184 4166 262 4219 quern
274 4168 329 4205 non
341 4150 451 4207 rationis
463 4162 583 4224 egentem
595 4154 659 4211 vicit
670 4154 854 4222 Archimedes,
897 4230 901 4235 Ι

112 4273 173 4315 non
187 4267 351 4332 repugnant
364 4254 477 4333 legibus
492 4254 626 4316 carminis
644 4240 782 4332 Saturnii,
805 4272 838 4319 ut
858 4258 888 4319 in
898 4232 978 4340 ’qua
993 4256 1227 4340 quemadmodum
1270 4306 1272 4311 .

112 4336 144 4397 in
158 4334 288 4399 iambicis
302 4346 333 4396 et
346 4336 503 4399 trochaicis
515 4338 655 4418 versibus,
669 4342 804 4424 dactylus
817 4360 871 4423 pro
885 4341 1016 4405 trocbaeo
1035 4342 1108 4423 poni
1121 4352 1227 4405 consue·
1270 4350 1272 4427 J

837 4500 849 4559 l
