2694 4866
180 258 240 320 irs
326 306 331 317 .
550 222 949 309 amaricantium.
1007 294 1010 304 .

222 427 270 482 16.
285 419 386 478 Multo
400 415 508 477 certius
519 416 606 475 etiam
621 415 669 475 illa
684 415 764 475 chori
790 413 990 474 carminando
1004 412 1043 472 ab
1058 412 1201 476 universo
1215 410 1303 492 choro,

178 503 232 564 sed
245 521 263 562 a
277 499 394 561 dirersis
409 501 471 575 ejus
485 498 615 576 partibus
628 497 693 556 cani
707 499 736 555 in
745 507 881 576 promptu
896 507 951 567 est,
964 495 995 553 in
1009 495 1118 574 quibus
1134 516 1196 557 non
1209 501 1302 579 cuique

162 584 305 663 strophae
329 601 389 640 sure
410 580 591 658 antistropha
612 578 773 656 subjicitur,
798 577 860 649 sed,
883 587 916 635 ut
938 577 968 634 in
989 577 1114 637 commis
1140 580 1302 659 plerumque

177 666 287 724 facturn
302 664 442 733 videmus,
464 661 645 720 artificiosior
658 658 847 739 aliquisuordo
860 658 1044 737 stropharum
1058 670 1115 719 est.
1159 661 1302 722 Persarum

177 746 236 805 boc
250 764 342 824 genus
357 756 401 805 est
415 743 444 801 in
459 743 634 802 carminibus
647 742 735 809 solius
750 741 840 800 chori.
870 739 1048 818 Exemplum
1062 750 1165 802 exstat
1177 743 1208 801 in
1217 743 1303 805 Choli-
1339 764 1341 771 ·

180 827 279 908 phoris
293 847 311 886 a
324 846 352 888 v.
367 830 435 893 781.
458 827 487 883 in
502 841 560 904 quo
573 824 622 882 hic
637 836 680 882 est
694 823 877 901 stropharum
892 820 983 885 ordor

258 960 293 1021 ι’.
334 960 370 1032 a'.
411 959 447 1020 ι’.
487 957 523 1031 γ’.
564 955 680 1036 μηδὲ..
723 956 760 1030 γ’.
800 953 832 1016 5.
872 956 909 1027 ρ’.
949 952 981 1014 J.

600 1209 716 1284 cnr.
742 1167 920 1283 xx111.'

379 1423 431 1472 on
465 1409 692 1472 sr‘sranrnrrs
721 1385 1120 1472 anrisrnorsr'conom.

228 1593 255 1648 l.
277 1587 399 1646 Monnn
414 1595 512 1651 autern
532 1583 594 1664 ipse
611 1600 707 1644 rerum
728 1582 811 1654 ordo,
833 1593 865 1641 ut
876 1585 937 1661 jam
959 1583 996 1642 de
1017 1583 1178 1645 artificiosa
1197 1583 1246 1644 illa
1262 1603 1303 1643 co·

183 1667 333 1748 pulation‘e
360 1660 543 1745 stropharum
567 1665 708 1737 dicamus,
737 1664 767 1723 in
797 1683 855 1743 qua
886 1665 943 1724 dici
962 1665 1013 1723 vix
1036 1677 1148 1744 potest,
1176 1677 1300 1746 quantam

184 1752 280 1829 poe'tae
301 1748 473 1808 Graecorum
502 1747 611 1806 scenIci
638 1765 756 1826 operam
779 1744 995 1807 collocaverint.
1037 1748 1163 1826 Propria
1183 1759 1229 1808 est
1248 1748 1300 1806 hat

184 1832 259 1891 ratio
283 1830 398 1890 illorum
413 1829 603 1900 canticorum,
625 1847 690 1908 quae
703 1827 749 1888 vel
763 1846 781 1885 a
794 1827 861 1886 solis
875 1827 1021 1888 actoribus
1042 1827 1105 1888 sine
1120 1830 1223 1901 choro,
1236 1828 1300 1887 vela

185 1912 278 1972 choro
310 1931 377 1971 cum
401 1912 549 1971 actoribus
577 1911 666 1969 verba
693 1906 873 1978 conferente,
904 1909 951 1968 vel
973 1908 1146 1988 apartibus
1171 1909 1299 1990 aliquibus
1339 1950 1341 1959 .

186 1994 274 2053 solius
299 1993 381 2052 chori
404 1992 567 2053 alternatim
589 2001 743 2051 canuntur.
784 1990 824 2049 Et
837 1991 1009 2070 plerumque
1023 1990 1144 2068 quidem
1157 1991 1300 2051 intercho

186 2094 250 2134 rum
264 2085 295 2133 et
309 2085 423 2134 actores
445 2074 509 2132 haec
523 2072 638 2132 cantica
652 2072 742 2131 divisa
755 2083 837 2133 sunt:
858 2092 923 2150 quae
936 2072 966 2130 in
980 2073 1126 2150 tragoedia
1148 2074 1242 2152 κὸμμιι
1261 2089 1301 2129 vo·

186 2168 300 2216 cantur.
342 2154 516 2217 Aristoteles
530 2155 567 2214 de
581 2168 644 2214 arte
657 2153 774 2233 poetica
787 2173 813 2214 c.
830 2159 876 2214 ta.
897 2155 993 2232 κέμμος
1008 2152 1043 2224 δέ,
1056 2157 1144 2237 9th
1158 2160 1231 2220 mila
1239 2159 1302 2235 pigot

185 2244 231 2299 nal
245 2244 297 2297 ἀπὶ
312 2244 406 2306 σκηνῆς.
450 2237 533 2316 Saepe
556 2247 653 2296 tamen
667 2236 754 2294 etiam
769 2235 822 2293 soli
837 2247 951 2295 actores
964 2235 1027 2294 haec
1042 2234 1174 2295 carmina
1196 2235 1302 2304 babent,

186 2331 373 2397 sequanum,
396 2337 461 2397 quoe
474 2325 526 2378 ἀπὸ
541 2324 624 2386 σκηνῆς
647 2316 744 2376 vocari
758 2315 903 2376 videntur.
943 2318 1017 2382 Quae
1040 2315 1064 2374 si
1079 2317 1260 2386 jAristoretes
1279 2313 1302 2370 in

186 2399 263 2471 loco,
278 2419 366 2478 quem
386 2418 474 2480 supra
487 2418 552 2478 cap.
570 2404 619 2471 19,
629 2406 658 2459 4.
672 2397 767 2470 attuli,
781 2410 870 2476 negat
883 2396 1094 2476 antistrophica
1118 2417 1193 2471 esse,
1216 2393 1303 2456 memi-
1339 2446 1341 2475 Ε

88 2494 91 2499 ’
188 2481 265 2540 nisse
289 2480 439 2553 debemus,
458 2481 594 2560 quoniam
613 2480 667 2540 sibi
691 2480 872 2559 problemata
887 2479 936 2537 illa
949 2479 1106 2550 scribebat,
1121 2477 1303 2558 negligentius

186 2582 255 2622 eum
278 2562 432 2641 loquutum
454 2581 527 2632 esse,
552 2581 647 2640 neque
672 2560 748 2620 aliud
774 2561 897 2620 voluisse
920 2560 1059 2631 indicare,
1080 2578 1170 2639 quam
1184 2572 1304 2619 actorum
1339 2568 1341 2575 '

188 2643 316 2703 carmina
339 2663 426 2722 saepe,
450 2655 481 2703 et
506 2655 586 2702 recte
611 2642 737 2722 quidem,
768 2661 867 2702 carere
894 2641 1091 2720 antistrophis.
1136 2643 1217 2701 Raro
1239 2640 1304 2704 solus

188 2725 294 2784 chorus
307 2724 337 2782 in
351 2736 448 2804 partes
470 2724 576 2784 divisus
597 2724 761 2786 alternatim
775 2724 830 2783 isto
845 2724 932 2784 modo
947 2724 1042 2782 canit:
1063 2726 1148 2802 cujus
1163 2723 1205 2784 rei
1219 2741 1305 2782 exem·
1339 2734 1341 2753 ²

188 2807 269 2886 plum
284 2806 367 2865 attuli
382 2807 410 2863 in
424 2806 482 2865 fine
496 2807 647 2885 praegressi
661 2806 771 2885 capitis.
929 2875 931 2879 ¹

229 2895 260 2948 2.
275 2887 343 2946 Non
363 2900 407 2947 est
421 2899 519 2946 autem
533 2889 705 2966 putandum,
720 2899 830 2947 temere
844 2890 945 2966 poe'tas
959 2897 989 2946 et
1001 2886 1064 2945 sine
1079 2896 1163 2946 certa
1177 2886 1307 2946 rationes

190 2968 313 3046 simplici
327 2968 509 3046 stropharum
528 2980 617 3047 atque
638 2968 883 3047 antistropharum
897 2968 1128 3047 consequutione
1144 2968 1307 3037 discessisse,

189 3048 241 3108 sed
254 3067 368 3126 semper
382 3049 437 3107 hac
452 3067 568 3128 quoque
582 3051 611 3106 in
627 3070 658 3108 re
672 3050 866 3128 aequalitatem
880 3050 967 3118 illam,
984 3069 1048 3129 quae
1063 3060 1108 3108 tot
1133 3050 1197 3109 aliis
1221 3051 1249 3108 in
1271 3067 1308 3106 re·

191 3131 246 3189 bus
261 3130 398 3200 cernitur,
414 3129 573 3190 admirabili
599 3131 749 3210 diligentia
763 3133 963 3191 observarunt.
1004 3129 1149 3200 Breviter,
1174 3151 1229 3191 nec
1251 3129 1309 3189 satis

190 3211 337 3290 explicate
358 3209 486 3272 indicata
507 3212 572 3271 haec
597 3213 669 3272 ratio
692 3225 748 3283 est¹
761 3214 798 3271 ab
822 3212 1029 3291 Hephaestione
1043 3233 1074 3290 p.
1087 3217 1139 3272 68.
1159 3212 1250 3296 (123)
1271 3209 1308 3268 his

189 3294 301 3354 verbis:
320 3299 391 3355 aare
412 3300 541 3378 messanis
554 3295 578 3356 δέ
593 3298 655 3356 ἔστιν
669 3296 838 3378 οἶνομοιομεςῆ,
854 3295 946 3355 laisa·
962 3295 1081 3371 ἐκθέμενος
1096 3298 1108 3353 o'
1124 3301 1226 3362 ποιητὴς
1239 3294 1309 3354 isles

190 3375 218 3441 δέ
240 3402 301 3437 ποτε
323 3381 475 3454 consipere
496 3376 617 3458 διάφοςα,
638 3379 812 3458 daeaydyp'ia
834 3381 880 3436 cdv
891 3381 973 3437 odedi
987 3377 1156 3452 comperiens
1171 3380 1309 3437 costudi-as

139 3478 148 3493 ‘
188 3462 330 3540 ngsaosrdr·
352 3456 417 3519 dm
430 3461 517 3536 saph
532 3461 552 3518 ἐν
566 3456 699 3542 ἔκατὲςᾳῆ
711 3460 802 3540 ἑκάστῃ
816 3460 941 3540 περιωπῇ
959 3461 1111 3535 συστήματι
1134 3459 1241 3535 or'rs'puss
1260 3455 1308 3516 siras

190 3541 324 3609 ἅλλέλοις,
339 3545 385 3606 τὰς
400 3538 425 3599 dl
438 3545 574 3621 πεςιιιοπὰς
588 3540 733 3621 inussisse
747 3541 876 3606 ἆλλῆλιις
890 3538 985 3616 ὅμοίως,
1001 3537 1128 3608 danim.
1172 3540 1247 3597 Nam
1260 3555 1309 3595 non

191 3618 279 3679 modo
294 3620 450 3679 admodum
463 3621 543 3681 varia
554 3634 599 3681 est
612 3622 677 3679 haec
690 3622 871 3700 stropharum
887 3620 1044 3699 dispositio,
1067 3619 1121 3680 sed
1140 3640 1219 3701 saepe
1232 3619 1307 3679 etiarn

192 3701 275 3779 plura
298 3703 481 3779 stropharum
505 3714 671 3782 systemata,
700 3703 757 3784 (ita
780 3703 856 3762 enim
880 3701 1058 3772 vocabimus,
1083 3721 1158 3781 quas
1182 3704 1307 3785 πιςιιοπὶς

193 3781 264 3841 dicit
286 3783 473 3863 Hephaestio)
498 3784 542 3842 vel
557 3786 672 3845 adnexa
685 3783 749 3855 sibi,
763 3785 809 3842 vel
822 3783 898 3843 inter
911 3802 943 3842 se
958 3785 1116 3861 conjuncta
1130 3798 1209 3844 sunt.

233 3869 263 3922 3.
285 3865 353 3923 Non
367 3876 412 3925 est
426 3866 591 3939 obscurum,
616 3867 692 3925 hanc
717 3885 792 3945 pene
816 3864 1014 3924 incredibilem
1042 3864 1237 3942 diligentiam,
1259 3877 1304 3939 qua

191 3941 254 4002 istae
278 3948 478 4024 responsiones
501 3947 656 4007 elaboratae
678 3959 755 4018 sunt,
776 3966 893 4026 prorsus
916 3946 1047 4005 inutilem
1072 3946 1205 4007 futuram
1219 3945 1301 4010 fuisse,

193 4023 248 4081 nisi
261 4025 329 4096 loci,
342 4027 372 4085 in
387 4029 491 4106 quibus
504 4040 622 4088 actores
635 4029 777 4089 chorusve
791 4029 836 4088 vel
851 4028 980 4107 dispositi
1002 4038 1096 4101 erant,
1110 4030 1159 4089 vel
1184 4029 1304 4101 deinceps

196 4105 403 4182 consistebant,
424 4109 486 4189 pari
500 4122 562 4168 arte
577 4108 728 4187 designati,
743 4110 838 4170 statim
854 4108 946 4168 oculis
964 4119 1165 4188 spectatorum
1189 4108 1303 4169 ordinem

195 4186 286 4257 illum,
301 4192 384 4266 cujus
398 4191 539 4250 rationem
560 4202 591 4250 et
604 4191 724 4250 virtutes
747 4193 776 4249 in
797 4191 922 4270 legendo
942 4191 992 4248 vix
1016 4209 1051 4248 ac
1072 4211 1110 4251 ne
1135 4192 1184 4251 vix
1204 4187 1304 4270 quidem

195 4268 457 4343 animadvertimus,
472 4268 661 4352 aperuissent,
683 4273 796 4352 etquid
810 4292 926 4352 quoque
941 4283 1081 4351 tempore,
1107 4284 1198 4353 atque
1221 4291 1238 4330 a
1258 4282 1304 4347 qu⁰

195 4349 356 4416 canendum
371 4365 457 4427 esset,
482 4366 563 4415 certo
586 4352 693 4414 indicio
720 4355 938 4434 significassent.
980 4355 1181 4421 Quamobrem
1204 4351 1305 4412 minime
