2694 4866
238 278 299 342 DE
319 273 788 343 TaocH.MONOM.D1M.
808 274 865 338 ET
885 274 1104 345 TRIMETR..
1186 286 1225 346 st

93 448 179 530 apud
202 448 329 510 comicos
358 449 480 508 Graecos
502 447 666 529 systematis
693 445 846 524 conjuncti
873 445 1071 521 inveniuntur,
1100 467 1226 527 quorum

94 541 291 611 systematum
304 548 340 591 ea
353 530 403 590 lex
416 541 471 602 est,
485 539 519 588 ut
538 539 682 609 quotquot
704 528 839 589 versibus
854 539 998 603 constent,
1011 529 1033 587 ii
1046 549 1146 590 omnes
1166 550 1227 593 una

95 613 216 672 numeri
230 612 426 692 perpetuitate
439 611 656 682 continuentur,
671 628 794 689 eamque
807 610 845 670 ob
859 627 990 670 caussam
1003 630 1100 690 neque
1112 610 1227 674 hiatum

95 694 128 752 in
143 694 205 752 fine
217 712 317 752 versus
330 692 495 766 admittant,
503 702 535 753 et
546 693 636 753 verba
648 693 725 752 inter
735 692 809 750 duos
822 710 920 751 versus
930 691 1054 772 dispesci
1067 692 1226 772 patiantur.
1307 765 1310 775 ι

95 775 168 836 Vid.
184 773 316 835 Brnnclr.
330 774 368 834 ad
382 774 534 854 Aristoph.
548 774 625 834 Rau.
639 778 709 836 984
722 784 753 833 et
766 772 805 832 ad
819 772 877 852 Eq.
890 777 960 834 443.
1001 774 1118 834 Horum
1131 786 1227 854 syste-

97 865 213 919 matum
223 868 372 915 extremus
386 875 485 916 versus
499 853 688 915 catalecticus
702 866 756 922 est,
771 855 871 915 caeteri
883 854 1046 928 acatalecti,
1061 855 1227 936 interquoa

96 937 120 997 si
133 948 320 1011 monometer
332 948 388 1010 est,
402 937 426 996 is
438 938 610 1017 plerumque
624 935 828 997 catalecticum
848 936 1006 1010 antecedit,
1020 935 1111 997 nisisi
1124 955 1228 1007 sensus

96 1019 255 1079 verborum
268 1018 327 1080 alio
341 1019 490 1079 lococnm
510 1017 649 1080 constitui
667 1017 797 1081 suadeat.
838 1018 1049 1100 Aristophanes
1062 1018 1093 1078 in
1106 1017 1185 1080 Pace
1198 1036 1229 1080 v.

104 1226 109 1287 J
176 1210 226 1278 aet
239 1222 317 1288 βᾶτι
331 1220 376 1278 καὶ
389 1213 490 1290 γιλῖἶὲ·
503 1214 534 1286 ii·

173 1295 212 1363 is
224 1301 276 1381 νὸς
288 1296 386 1370 iissem
399 1298 454 1358 slll'
468 1303 525 1375 ὑμῖν

177 1385 268 1449 πλεῖν,
281 1379 364 1451 μένειν,
377 1385 456 1451 mstis,
469 1377 595 1441 sciridas

178 1460 202 1526 is
218 1460 365 1543 scirpique
377 1463 483 1542 θιυςῶ,

177 1543 324 1613 inliciat,
337 1542 505 1620 κοτταβιζω,

180 1621 335 1702 συβαριξαν,

223 1729 263 1764 rsa
275 1729 315 1764 eoa
327 1700 483 1785 atagapimt.

112 1814 174 1876 Alia
192 1816 330 1896 exempla
341 1816 388 1876 vel
402 1836 473 1876 cum
496 1827 678 1878 monometro
691 1817 738 1878 vel
759 1816 822 1877 sine
835 1835 872 1877 eo
885 1815 952 1878 vide
964 1815 996 1877 in
1016 1817 1120 1879 eadem
1131 1817 1235 1879 fabula

112 1914 135 1958 t.
147 1901 216 1963 571.
230 1917 312 1976 seqq.
325 1903 395 1959 651.
407 1914 489 1977 seqq.
502 1898 532 1956 in
546 1898 602 1978 Eq.
616 1903 686 1959 284.
700 1919 781 1978 seqq.
1148 1897 1149 1903 ’

147 1983 174 2039 2.
195 1978 374 2059 Hujusmodi
385 1979 516 2059 legitima
528 1992 686 2058 systemata
698 2000 757 2039 non
771 1980 893 2041 inveniri
907 1981 986 2061 apud
998 1980 1136 2060 tragicos,
1147 1990 1234 2041 recte

89 2094 95 2139 Ρ
115 2058 289 2119 observatum
303 2071 348 2120 est
361 2060 554 2120 aGaislordio
568 2061 855 2141 adHephaestionem
863 2083 893 2140 p.
908 2067 976 2123 261.
987 2062 1038 2135 ubi
1051 2061 1234 2140 illeplurima

117 2138 295 2200 dimetrorum
309 2138 443 2221 exempla
455 2141 602 2202 indicavit.
642 2146 739 2208 Quam
748 2143 798 2201 ille
811 2143 919 2202 ibidem
928 2143 1025 2202 attulit
1036 2140 1234 2213 Anacreontis

119 2220 191 2280 odam
212 2241 251 2281 ex
267 2223 426 2282 Heraclide
449 2223 574 2282 Pontico
589 2220 690 2302 alleg?
708 2224 800 2284 Hom.
813 2245 843 2303 p.
856 2229 926 2284 414.
940 2227 1004 2301 ejus
1023 2223 1145 2300 singular
1157 2233 1235 2280 stro·

119 2300 173 2391 pha
184 2321 223 2363 ex
233 2303 329 2404 pribus
349 2303 479 2364 dimetria
498 2304 666 2364 acatalectis
685 2322 803 2382 unoque
827 2296 999 2364 catalectico
1014 2314 1158 2375 constant,
1179 2301 1235 2362 sed

121 2389 154 2440 aa
172 2383 349 2463 compositis,
364 2396 396 2444 ut
420 2385 525 2464 singuli
544 2405 646 2443 versus
669 2405 723 2443 suo
746 2405 870 2444 numero
891 2386 1085 2454 absolvantur,
1107 2384 1235 2462 ideoque

122 2478 166 2522 nec
176 2467 264 2524 verba
279 2465 354 2524 inter
368 2465 427 2525 duo
440 2483 539 2525 versus
559 2463 765 2535 distrahantur,
781 2484 837 2523 nec
851 2466 1002 2545 synaphla,
1017 2465 1037 2525 i.
1051 2485 1079 2525 e.
1091 2463 1188 2524 hiatus
1202 2474 1235 2525 et
1315 2504 1323 2531 ,

123 2544 266 2625 ancipitum
291 2547 474 2618 detrectatio,
499 2547 677 2606 observetur.
717 2546 801 2605 Idem
822 2546 866 2608 vir
888 2547 993 2606 doctus
1014 2566 1046 2625 p.
1068 2565 1131 2624 seq.
1150 2557 1235 2606 recte

125 2621 248 2704 disposuit
258 2646 376 2688 carmen
386 2626 625 2706 antistrophieum
637 2626 667 2685 in
682 2625 832 2706 Aristoph.
844 2629 902 2688 Av.
916 2630 1002 2692 1470.
1013 2629 1096 2704 cujus
1107 2627 1236 2705 strophae

125 2709 252 2769 extribus
273 2709 403 2788 partibus
424 2709 511 2769 factae
531 2719 607 2777 sunt,
624 2728 746 2787 quarum
764 2706 857 2787 prima
876 2728 967 2767 unum
988 2707 1183 2766 acatalectum
1203 2716 1236 2767 et
1298 2767 1302 2776 ,

126 2781 172 2846 luo
183 2790 379 2862 catalecticos,
392 2790 522 2850 secunda
534 2790 595 2849 duo
610 2790 787 2849 acatalectos
806 2800 837 2848 et
851 2800 911 2848 tres
929 2788 1126 2863 catalecticos,
1146 2787 1236 2849 tertia

127 2871 173 2928 tres
183 2871 356 2932 acatalectos
371 2882 401 2931 et
410 2891 500 2931 unum
514 2871 717 2931 catalecticum
728 2871 942 2950 complectitur,
957 2889 992 2930 ea
1004 2871 1071 2949 lege
1085 2879 1120 2928 ut
1132 2887 1237 2928 nume·

127 2961 164 3008 rus
181 2951 209 3011 in
230 2953 290 3031 tine
314 2954 454 3032 cujusque
478 2951 568 3032 partis
592 2951 718 3012 finiatur.
760 2950 870 3023 Simile,
893 2951 947 3014 sed
968 2951 1067 3030 paullo
1088 2949 1145 3010 alia
1167 2949 1237 3028 lege

128 3032 301 3112 compositum
322 3053 441 3093 carmen
464 3033 553 3094 estin
575 3033 688 3094 Avibus
710 3038 799 3095 1553.
823 3052 903 3111 seqq.
925 3036 1009 3111 cujus
1029 3043 1144 3091 tantum
1157 3031 1235 3099 anti·

129 3115 256 3192 stropham
269 3136 298 3174 v.
315 3119 401 3176 1694.
422 3135 503 3195 seqq.
523 3124 606 3175 recte
627 3114 768 3194 disposuit
788 3113 964 3175 Brunclius.
1005 3115 1045 3185 Et
1067 3112 1237 3192 hujusmodi
1296 3158 1298 3168 ,

129 3196 288 3254 consociatio
306 3196 504 3257 'dimetrorum
529 3195 779 3269 catalecticorum,
804 3195 892 3254 etiam
915 3195 994 3274 apud
1017 3194 1154 3272 tragicos,
1178 3211 1237 3252 nec

128 3285 177 3334 tato
189 3277 343 3351 invenitur,
352 3278 441 3337 modo
454 3279 624 3338 continuato
634 3296 766 3351 numero,
780 3287 814 3335 ut
824 3275 903 3356 apud
916 3275 1091 3356 AEschylpm
1104 3275 1134 3332 in
1146 3275 1235 3334 Eum.

129 3355 199 3420 1000,
219 3377 302 3438 seqq.
325 3358 413 3433 niodo
437 3359 520 3419 linito
543 3379 611 3420 cum
634 3359 755 3438 singulis
775 3359 917 3430 versibus,
941 3370 974 3417 ut
987 3356 1067 3437 apud
1082 3356 1185 3436 Eurip.
1204 3355 1237 3416 in

128 3428 213 3501 Plan.
228 3445 297 3502 246.
310 3459 391 3520 seqq.
431 3441 572 3521 Idemque
589 3460 681 3520 genus
691 3461 760 3501 curn
773 3439 916 3519 spondeo,
929 3439 980 3519 qui
989 3439 1073 3499 nobis
1087 3437 1234 3507 trochaeus

125 3529 253 3581 tenantns
275 3520 401 3595 videtur,
424 3518 616 3600 donJunctum
635 3522 735 3583 videre
756 3521 836 3594 licet,
854 3539 936 3580 nunc
959 3532 992 3579 ut
1012 3518 1158 3599 pracedat
1171 3527 1236 3599 trag

126 3595 207 3661 chaus
219 3602 285 3675 iste,
300 3622 380 3663 nunc
393 3614 426 3662 ut
440 3615 589 3684 sequatur.
631 3603 682 3664 Sic
695 3601 899 3684 AEschylusin
912 3602 1019 3681 Agant.
1036 3603 1104 3663 168.
1219 3642 1222 3648 -
1282 3641 1284 3648 1

1110 1138 1226 1249 ἧι,

188 3719 256 3790 Ζιῦς,
271 3719 297 3789 ‘0'5
313 3718 321 3804 Ι
337 3748 377 3788 τις
390 3721 448 3783 arir'
461 3722 566 3795 iniqui
579 3720 631 3783 vli’
643 3723 691 3784 cti·
812 3798 814 3801 v

350 3805 389 3880 τᾷ
402 3805 474 3874 φίλων
487 3802 635 3883 aiamim,

349 3884 427 3945 coiri·
437 3910 468 3945 ru
481 3884 638 3967 rg'mrriw.

124 3986 155 4054 Iit
165 3995 193 4055 in
207 3997 336 4060 Eumen.
349 4004 419 4064 322.

187 4121 270 4197 μέτις
284 4115 347 4196 οἴμ’
360 4115 452 4185 irtam
466 4115 488 4177 ai
504 4116 513 4202 Ι
526 4125 618 4202 rodcog.

151 4231 178 4288 ³·
197 4228 345 4310 Dactylus
359 4230 383 4290 si
397 4232 514 4377 quando
527 4232 558 4292 in
570 4232 616 4293 his
627 4230 757 4293 versssrus
767 4231 938 4314 reperiatur,
948 4228 1003 4290 nisi
1017 4227 1065 4290 ille
1075 4227 1105 4288 in
1118 4225 1238 4300 nomine

118 4309 226 4417 ‘'iffi‘'
250 4311 298 4389 ’ὴν
313 4331 374 4377 ¹¹⁰³
420 4313 520 4399 obium
541 4325 586 4384 est
600 4314 672 4402 quin
696 4314 900 4395 emanatione
923 4309 1128 4415 tollendusrit.
1168 4309 1236 4402 Nee
