2694 4866
204 240 286 305 aro.
306 238 348 299 11.
367 233 462 299 cnr.
481 234 537 297 ιν.
558 235 616 296 on
640 233 825 298 numano
847 198 1109 302 raocmuco.
1179 242 1218 306 rr
1239 273 1241 278 -

98 411 145 471 rix
156 411 308 491 quisquam
332 425 428 486 neque
452 404 607 467 trochaicis
625 423 727 484 oeque
751 403 880 465 iambicis
901 408 1027 467 numeris
1047 408 1106 486 legi
1128 410 1216 484 volet,

98 493 156 562 sed,
171 512 260 572 quum
273 510 327 570 per
340 486 548 548 vocabulorum
561 497 695 546 naturam
707 486 820 545 facilius
840 489 1005 567 anapaestici
1020 509 1083 550 esse
1097 491 1217 569 possint,

100 586 204 645 umen,
229 572 280 653 qui
303 571 429 649 reliquos
449 569 480 626 in
504 588 540 628 eo
563 568 630 627 loco
654 587 790 628 numeros
813 569 1012 642 considerant,
1042 591 1081 630 ex
1105 572 1220 633 duobus

97 655 237 716 dochmiis
252 653 412 734 composita
424 669 488 710 esse
502 649 656 728 intelliget,
671 649 700 707 in
715 669 775 728 quo
787 669 923 710 versuum
946 670 1055 729 genere
1071 653 1220 716 usitatissi-

100 757 151 797 me
172 745 241 797 sunt
264 737 327 795 istae
349 733 518 794 solutiones.
552 731 713 815 *Exempla
735 731 802 791 ride
825 733 904 811 apud
929 732 1092 794 Seidlerum
1114 755 1144 814 p.
1168 741 1219 798 64.

98 836 175 961 ⁸0‘iil
184 899 296 958 Eorum
312 915 509 968 numerorum,
531 894 582 973 qui
596 914 635 955 ax
655 893 723 954 solis
743 894 838 974 longis
858 895 976 975 syllabis
989 906 1134 967 constant,
1150 897 1221 959 Mo·
1251 939 1255 943 -

100 979 190 1043 looaici
204 979 333 1039 inusitati
346 989 424 1039 sunt.
467 976 623 1057 Spondiaoi
637 987 746 1047 autem,
763 988 793 1036 ut
814 977 938 1049 videtur,
953 996 1012 1035 non
1026 989 1058 1036 ut
1072 977 1219 1057 peculiare

99 1058 243 1142 quoddam
266 1080 358 1140 genus
371 1060 402 1118 in
416 1079 470 1119 usu
483 1060 611 1132 fueruat,
637 1057 694 1117 sed.
710 1069 761 1117 aut
782 1058 934 1137 anapaestis
957 1058 1053 1130 mixti,
1077 1071 1128 1119 aut
1151 1080 1220 1120 cum

101 1143 325 1204 aliiscousociati
335 1141 476 1201 numeris:
496 1158 585 1220 quare
595 1140 699 1199 horum
710 1159 826 1219 quoque
837 1140 867 1198 in
877 1139 932 1201 illis
941 1150 1053 1200 tantum
1065 1142 1220 1218 generibus

101 1225 274 1286 mentionem
306 1223 457 1294 faciemus,
484 1222 513 1278 in
541 1222 645 1300 quibus
672 1220 794 1298 vestigia
820 1241 921 1281 eorum
951 1222 1220 1300 deprehenduntur.
1271 1285 1276 1295 ,

104 1306 244 1367 Ceterum
268 1323 364 1383 operae
387 1303 513 1384 pretium
535 1302 682 1373 duximus,
702 1301 766 1361 haec
791 1303 880 1363 Marii
904 1303 1047 1362 Victorini
1071 1305 1169 1375 verba,
1189 1325 1220 1384 p.

103 1391 183 1450 2545.
195 1406 258 1467 seq.
272 1385 455 1446 adscribere:
477 1394 497 1423 “
511 1384 667 1462 ambigitur
676 1385 946 1460 superauctoritate
957 1384 1219 1462 proceleusmatici,

106 1477 119 1506 “
131 1469 179 1549 qui
202 1478 320 1528 constat
332 1486 371 1525 ex
385 1466 498 1525 duobus
525 1465 708 1544 pyrrhichiis,
729 1464 760 1523 id
774 1479 827 1535 est,
853 1476 991 1543 quattuor
1013 1466 1160 1540 brevibus,
1181 1487 1220 1528 an

89 1566 91 1617 :
107 1557 121 1588 ‘¹
132 1551 206 1609 inter
219 1558 377 1628 prototypa
389 1558 483 1606 metra
495 1546 552 1606 hoc
567 1565 686 1625 quoque
706 1545 905 1624 recipiendum
925 1546 1150 1626 habendumque
1170 1549 1217 1622 sit,

89 1624 92 1637 '
109 1637 122 1669 ‘¹
133 1632 197 1710 quia
210 1649 268 1690 nec
279 1628 482 1700 Molossicum,
493 1628 572 1707 quod
586 1637 702 1686 constat
715 1647 732 1686 e
746 1629 839 1686 tribus
848 1626 952 1707 longis,
967 1640 1087 1707 propter
1100 1629 1219 1690 nimiam

111 1710 346 1771 “similitudinem
357 1709 457 1768 induci
469 1720 521 1769 aut
530 1708 622 1768 videri
635 1719 760 1767 metrum
771 1708 876 1787 potuit.
917 1705 1152 1774 Quidamtamen
1167 1712 1218 1772 de-

112 1793 233 1853 “cimam
253 1792 324 1850 huic
344 1791 551 1871 speciemppost
571 1808 676 1850 novem
696 1800 853 1869 prototypa
871 1790 1093 1869 impertiendam
1108 1810 1180 1865 esse,
1201 1811 1219 1853 e

105 1875 233 1953 ·“quibus
255 1883 302 1934 est
324 1883 354 1931 et
378 1872 569 1947 Philoxenus,
594 1889 633 1930 ex
655 1890 692 1930 eo
722 1882 908 1950 putaverunt,
936 1872 1015 1951 quod
1038 1872 1219 1933 Laconicum

114 1952 221 2035 “longis
244 1963 428 2015 constantem
451 1951 617 2034 quindecim
637 1952 707 2013 huic
727 1972 820 2033 pmpe
840 1953 1017 2013 contrarium
1041 1955 1218 2032 respondere

114 2037 212 2115 “potae
235 2055 273 2099 co
328 2035 449 2104 icerent,
470 2034 521 2114 qui
542 2044 641 2095 tamen
661 2053 721 2094 non
745 2053 784 2093 ex
805 2035 938 2094 omnibus
961 2034 1127 2096 Molossicis
1147 2055 1217 2096 con·

115 2118 265 2179 riantur.
338 2135 385 2199 am
399 2116 546 2197 spondeos
559 2115 684 2176 invicem
698 2114 810 2186 miscet,
826 2127 858 2174 ut
872 2126 926 2188 est,

138 2228 142 2232 ’
184 2236 249 2292 ibeo
258 2236 350 2299 Parcet
358 2233 487 2306 primores
498 2232 594 2289 faustae
605 2251 676 2288 nnnc
689 2232 785 2289 Parcas
798 2232 935 2289 ducentes.
1018 2258 1021 2264 ·

117 2334 225 2399 “bon
238 2350 338 2399 tamen
348 2348 394 2398 est
402 2336 519 2398 annecti
533 2355 601 2397 eum
615 2337 803 2478 copularirp’ue
813 2337 927 2398 comico
937 2335 1123 2416 anapaestico,
1134 2339 1216 2416 cujus

119 2418 334 2501 “cognationem
347 2419 378 2479 in
391 2439 423 2479 oe
436 2418 601 2499 conjunctis
621 2419 680 2478 suis
695 2418 752 2477 dua
774 2438 807 2478 us
827 2417 936 2478 ultimis
949 2418 1084 2478 brevibus
1098 2418 1221 2477 demon·

120 2496 235 2562 '‘m’'
276 2500 318 2561 Et
330 2501 407 2561 banc
419 2500 468 2560 ille
482 2518 550 2559 curn
564 2499 745 2579 anapaesticis
759 2499 964 2581 cognationem
978 2499 1116 2580 deinceps
1129 2499 1218 2584 etiam

121 2572 404 2663 bpooeleusmuicis
417 2600 481 2642 esse
494 2579 632 2642 osteum.

406 2963 456 3012 un
482 2940 644 3012 numano
669 2961 899 3012 raocumco.

152 3088 173 3147 l.
188 3086 349 3153 Numanus
364 3106 574 3154 aaocuarcus
588 3089 653 3151 haec
667 3088 796 3169 quinque
809 3107 945 3150 vanuum
964 3096 1218 3168 genera‘compra·
1293 3113 1298 3123 ·

89 3249 91 3256 Ι
165 3166 209 3246 lit,
231 3189 447 3246 aaocuaroos,
472 3170 522 3250 qui
544 3171 661 3251 proprie
681 3181 833 3244 vocantur,
855 3189 1024 3246 maumas,
1047 3171 1218 3243 Cnnmcos,

143 3262 307 3316 tocuraoos
320 3269 592 3315 auorseasarcos:

236 3369 278 3433 .‘.
288 3403 397 3436 υ..υ
476 3383 616 3430 acroma
632 3387 837 3447 naocuarcA.

89 3520 101 3569 ³
186 3563 208 3596 υ
233 3531 361 3597 Lo...
481 3549 622 3593 nrronra
637 3549 792 3594 munros.

662 3654 671 3675 t

235 3694 362 3760 Lu..
483 3696 661 3757 Curribus.

185 3890 208 3920 υ
235 3855 359 3922 .’..’..υ
431 3938 436 3947 ⁸
488 3876 723 3920 aurrseasrus.

183 4051 205 4084 υ
234 4016 326 4082 .‘...
488 4021 667 4083 Baccarus.

170 4151 326 4213 dicendum
340 4152 434 4214 estde
447 4154 577 4233 singulis.
625 4176 628 4181 ¹
684 4176 688 4181 ’

143 4234 167 4293 2
184 4235 234 4296 Ac
246 4233 343 4316 primo
356 4253 532 4298 aaocumos
548 4253 739 4303 raunosouu
753 4255 813 4296 non
827 4236 882 4296 nisi
903 4254 993 4297 unum
1007 4254 1071 4296 essa
1084 4236 1220 4312 idemque

183 4316 206 4376 ri
220 4335 325 4398 genus,
333 4317 380 4378 vel
393 4317 513 4399 syllabae
526 4318 667 4402 ancipites
675 4318 843 4394 ostendunt,
859 4338 923 4398 qua
937 4317 966 4377 in
978 4329 1103 4400 utroque
1113 4331 1221 4398 genere
