<?xml version="1.0" encoding="UTF-8"?>
<!DOCTYPE html PUBLIC "-//W3C//DTD XHTML 1.0 Transitional//EN"
    "http://www.w3.org/TR/xhtml1/DTD/xhtml1-transitional.dtd">
<html xmlns="http://www.w3.org/1999/xhtml" xml:lang="en" lang="en">
 <head>
  <title>
</title>
<meta http-equiv="Content-Type" content="text/html;charset=utf-8" />
  <meta name='ocr-system' content='tesseract 3.04.00' />
  <meta name='ocr-capabilities' content='ocr_page ocr_carea ocr_par ocr_line ocrx_word'/>
</head>
<body>
  <div class='ocr_page' id='page_1' title='image "./elementadoctrin00hermgoog_0105.png"; bbox 0 0 2694 4866; ppageno 0'>
   <div class='ocr_carea' id='block_1_1' title="bbox 109 298 988 379">
    <p class='ocr_par' dir='ltr' id='par_1_1' title="bbox 109 298 988 379">
     <span class='ocr_line' id='line_1_1' title="bbox 109 298 988 379; baseline -0.006 -11"><span class='ocrx_word' id='word_1_1' title='bbox 109 308 151 369; x_wconf 84' lang='lat' dir='ltr'>ss</span> <span class='ocrx_word' id='word_1_2' title='bbox 495 299 638 364; x_wconf 81' lang='lat' dir='ltr'>um11.</span> <span class='ocrx_word' id='word_1_3' title='bbox 660 298 753 364; x_wconf 78' lang='lat' dir='ltr'>cnr.</span> <span class='ocrx_word' id='word_1_4' title='bbox 774 299 858 365; x_wconf 85' lang='lat' dir='ltr'>mv.</span> <span class='ocrx_word' id='word_1_5' title='bbox 919 308 922 313; x_wconf 95' lang='lat'>·</span> <span class='ocrx_word' id='word_1_6' title='bbox 975 360 988 379; x_wconf 85' lang='grc'><em>,</em></span> 
     </span>
    </p>
   </div>
   <div class='ocr_carea' id='block_1_2' title="bbox 112 468 1269 2403">
    <p class='ocr_par' dir='ltr' id='par_1_2' title="bbox 112 468 1269 2403">
     <span class='ocr_line' id='line_1_2' title="bbox 112 468 1230 550; baseline -0.001 -18"><span class='ocrx_word' id='word_1_7' title='bbox 112 471 260 543; x_wconf 79' lang='lat' dir='ltr'>bentibus,</span> <span class='ocrx_word' id='word_1_8' title='bbox 280 468 443 531; x_wconf 84' lang='lat' dir='ltr'>satietatem</span> <span class='ocrx_word' id='word_1_9' title='bbox 457 482 488 531; x_wconf 90' lang='lat' dir='ltr'>et</span> <span class='ocrx_word' id='word_1_10' title='bbox 508 472 626 531; x_wconf 86' lang='lat' dir='ltr'>toedium</span> <span class='ocrx_word' id='word_1_11' title='bbox 644 470 769 532; x_wconf 74' lang='lat' dir='ltr'>afferret</span> <span class='ocrx_word' id='word_1_12' title='bbox 810 470 915 550; x_wconf 89' lang='lat' dir='ltr'>ltaque</span> <span class='ocrx_word' id='word_1_13' title='bbox 934 473 1031 550; x_wconf 71' lang='lat' dir='ltr'>poete</span> <span class='ocrx_word' id='word_1_14' title='bbox 1049 471 1106 530; x_wconf 86' lang='lat' dir='ltr'>etsi</span> <span class='ocrx_word' id='word_1_15' title='bbox 1126 490 1190 532; x_wconf 85' lang='lat' dir='ltr'>eam</span> <span class='ocrx_word' id='word_1_16' title='bbox 1202 482 1230 531; x_wconf 89' lang='lat' dir='ltr'>ut</span> 
     </span>
     <span class='ocr_line' id='line_1_3' title="bbox 114 553 1230 632; baseline 0.001 -20"><span class='ocrx_word' id='word_1_17' title='bbox 114 553 275 632; x_wconf 83' lang='lat' dir='ltr'><strong>legitimam</strong></span> <span class='ocrx_word' id='word_1_18' title='bbox 297 554 409 612; x_wconf 75' lang='lat' dir='ltr'>ceteris</span> <span class='ocrx_word' id='word_1_19' title='bbox 431 555 632 632; x_wconf 77' lang='lat' dir='ltr'>praetulerunt,</span> <span class='ocrx_word' id='word_1_20' title='bbox 653 564 751 612; x_wconf 87' lang='lat' dir='ltr'>tamen</span> <span class='ocrx_word' id='word_1_21' title='bbox 772 573 849 632; x_wconf 77' lang='lat' dir='ltr'>sape</span> <span class='ocrx_word' id='word_1_22' title='bbox 869 553 957 613; x_wconf 88' lang='lat' dir='ltr'>etiam</span> <span class='ocrx_word' id='word_1_23' title='bbox 976 553 1125 613; x_wconf 85' lang='lat' dir='ltr'>varietatis</span> <span class='ocrx_word' id='word_1_24' title='bbox 1138 572 1230 613; x_wconf 67' lang='lat' dir='ltr'>caum</span> 
     </span>
     <span class='ocr_line' id='line_1_4' title="bbox 115 633 1228 715; baseline -0.002 -21"><span class='ocrx_word' id='word_1_25' title='bbox 115 635 186 694; x_wconf 85' lang='lat' dir='ltr'>alias</span> <span class='ocrx_word' id='word_1_26' title='bbox 209 633 404 694; x_wconf 85' lang='lat' dir='ltr'>adhibuerunt</span> <span class='ocrx_word' id='word_1_27' title='bbox 428 635 596 695; x_wconf 88' lang='lat' dir='ltr'>incisiones:</span> <span class='ocrx_word' id='word_1_28' title='bbox 618 653 676 713; x_wconf 91' lang='lat' dir='ltr'>quo</span> <span class='ocrx_word' id='word_1_29' title='bbox 698 635 729 693; x_wconf 92' lang='lat' dir='ltr'>id</span> <span class='ocrx_word' id='word_1_30' title='bbox 751 647 819 694; x_wconf 86' lang='lat' dir='ltr'>sunt</span> <span class='ocrx_word' id='word_1_31' title='bbox 839 634 1022 714; x_wconf 80' lang='lat' dir='ltr'>consequuti,</span> <span class='ocrx_word' id='word_1_32' title='bbox 1042 647 1086 704; x_wconf 88' lang='lat' dir='ltr'>ut,</span> <span class='ocrx_word' id='word_1_33' title='bbox 1109 635 1228 715; x_wconf 81' lang='lat' dir='ltr'>quamvis</span> 
     </span>
     <span class='ocr_line' id='line_1_5' title="bbox 115 715 1269 796; baseline 0 -22"><span class='ocrx_word' id='word_1_34' title='bbox 115 716 224 775; x_wconf 90' lang='lat' dir='ltr'>multos</span> <span class='ocrx_word' id='word_1_35' title='bbox 246 734 345 775; x_wconf 86' lang='lat' dir='ltr'>versus</span> <span class='ocrx_word' id='word_1_36' title='bbox 369 720 590 796; x_wconf 86' lang='lat' dir='ltr'>conjungerent,</span> <span class='ocrx_word' id='word_1_37' title='bbox 615 729 713 775; x_wconf 87' lang='lat' dir='ltr'>tamen</span> <span class='ocrx_word' id='word_1_38' title='bbox 737 717 787 775; x_wconf 92' lang='lat' dir='ltr'>illa</span> <span class='ocrx_word' id='word_1_39' title='bbox 808 717 937 796; x_wconf 88' lang='lat' dir='ltr'>ejusdem</span> <span class='ocrx_word' id='word_1_40' title='bbox 961 715 1075 777; x_wconf 89' lang='lat' dir='ltr'>numeri</span> <span class='ocrx_word' id='word_1_41' title='bbox 1098 729 1229 796; x_wconf 79' lang='lat' dir='ltr'>perpetra</span> <span class='ocrx_word' id='word_1_42' title='bbox 1267 772 1269 781; x_wconf 51' lang='lat'>,</span> 
     </span>
     <span class='ocr_line' id='line_1_6' title="bbox 115 797 1269 875; baseline -0.001 -19"><span class='ocrx_word' id='word_1_43' title='bbox 115 797 262 875; x_wconf 86' lang='lat' dir='ltr'>repetitio,</span> <span class='ocrx_word' id='word_1_44' title='bbox 283 816 348 875; x_wconf 86' lang='lat' dir='ltr'>quae</span> <span class='ocrx_word' id='word_1_45' title='bbox 362 798 446 857; x_wconf 85' lang='lat' dir='ltr'>aliter</span> <span class='ocrx_word' id='word_1_46' title='bbox 459 798 661 856; x_wconf 85' lang='lat' dir='ltr'>molestissima</span> <span class='ocrx_word' id='word_1_47' title='bbox 673 798 772 856; x_wconf 82' lang='lat' dir='ltr'>sutura</span> <span class='ocrx_word' id='word_1_48' title='bbox 782 809 867 867; x_wconf 90' lang='lat' dir='ltr'>esset,</span> <span class='ocrx_word' id='word_1_49' title='bbox 889 798 1006 856; x_wconf 76' lang='lat' dir='ltr'>mumtis</span> <span class='ocrx_word' id='word_1_50' title='bbox 1019 797 1144 857; x_wconf 83' lang='lat' dir='ltr'>subinde</span> <span class='ocrx_word' id='word_1_51' title='bbox 1165 797 1229 857; x_wconf 88' lang='lat' dir='ltr'>ordi·</span> <span class='ocrx_word' id='word_1_52' title='bbox 1267 840 1269 863; x_wconf 78' lang='grc'><strong>,</strong></span> 
     </span>
     <span class='ocr_line' id='line_1_7' title="bbox 113 878 1269 957; baseline 0 -20"><span class='ocrx_word' id='word_1_53' title='bbox 113 879 199 937; x_wconf 87' lang='lat' dir='ltr'>nibus</span> <span class='ocrx_word' id='word_1_54' title='bbox 208 878 279 938; x_wconf 87' lang='lat' dir='ltr'>mira</span> <span class='ocrx_word' id='word_1_55' title='bbox 292 878 434 938; x_wconf 83' lang='lat' dir='ltr'>varietate</span> <span class='ocrx_word' id='word_1_56' title='bbox 449 890 670 957; x_wconf 84' lang='lat' dir='ltr'>temperaretur.</span> <span class='ocrx_word' id='word_1_57' title='bbox 697 879 756 938; x_wconf 88' lang='lat' dir='ltr'>Sed</span> <span class='ocrx_word' id='word_1_58' title='bbox 770 879 874 950; x_wconf 89' lang='lat' dir='ltr'>critici,</span> <span class='ocrx_word' id='word_1_59' title='bbox 888 898 990 956; x_wconf 88' lang='lat' dir='ltr'>parum</span> <span class='ocrx_word' id='word_1_60' title='bbox 999 897 1156 950; x_wconf 87' lang='lat' dir='ltr'>memores,</span> <span class='ocrx_word' id='word_1_61' title='bbox 1169 878 1228 957; x_wconf 74' lang='lat' dir='ltr'>poi·</span> <span class='ocrx_word' id='word_1_62' title='bbox 1268 878 1269 885; x_wconf 72' lang='grc'>’</span> 
     </span>
     <span class='ocr_line' id='line_1_8' title="bbox 114 952 1229 1038; baseline -0.003 -17"><span class='ocrx_word' id='word_1_63' title='bbox 114 960 203 1021; x_wconf 78' lang='lat' dir='ltr'>tasin</span> <span class='ocrx_word' id='word_1_64' title='bbox 217 960 275 1018; x_wconf 91' lang='lat' dir='ltr'>hoc</span> <span class='ocrx_word' id='word_1_65' title='bbox 288 978 397 1038; x_wconf 85' lang='lat' dir='ltr'>genere</span> <span class='ocrx_word' id='word_1_66' title='bbox 411 979 470 1019; x_wconf 89' lang='lat' dir='ltr'>non</span> <span class='ocrx_word' id='word_1_67' title='bbox 484 960 596 1032; x_wconf 86' lang='lat' dir='ltr'>aliare,</span> <span class='ocrx_word' id='word_1_68' title='bbox 617 979 704 1038; x_wconf 88' lang='lat' dir='ltr'>quam</span> <span class='ocrx_word' id='word_1_69' title='bbox 717 980 803 1020; x_wconf 89' lang='lat' dir='ltr'>sensu</span> <span class='ocrx_word' id='word_1_70' title='bbox 817 979 870 1019; x_wconf 89' lang='lat' dir='ltr'>suo</span> <span class='ocrx_word' id='word_1_71' title='bbox 884 960 963 1031; x_wconf 91' lang='lat' dir='ltr'>duci,</span> <span class='ocrx_word' id='word_1_72' title='bbox 978 958 1016 1019; x_wconf 92' lang='lat' dir='ltr'>ad</span> <span class='ocrx_word' id='word_1_73' title='bbox 1028 952 1146 1037; x_wconf 68' lang='lat' dir='ltr'>regulas</span> <span class='ocrx_word' id='word_1_74' title='bbox 1156 977 1229 1038; x_wconf 88' lang='lat' dir='ltr'>quas·</span> 
     </span>
     <span class='ocr_line' id='line_1_9' title="bbox 114 1041 1269 1120; baseline -0.003 -20"><span class='ocrx_word' id='word_1_75' title='bbox 114 1041 183 1101; x_wconf 89' lang='lat' dir='ltr'>dam</span> <span class='ocrx_word' id='word_1_76' title='bbox 196 1060 334 1100; x_wconf 88' lang='lat' dir='ltr'>revocare</span> <span class='ocrx_word' id='word_1_77' title='bbox 347 1041 425 1100; x_wconf 92' lang='lat' dir='ltr'>hanc</span> <span class='ocrx_word' id='word_1_78' title='bbox 438 1060 614 1100; x_wconf 74' lang='lat' dir='ltr'>caesurarum</span> <span class='ocrx_word' id='word_1_79' title='bbox 624 1042 795 1101; x_wconf 86' lang='lat' dir='ltr'>varietatem</span> <span class='ocrx_word' id='word_1_80' title='bbox 808 1043 905 1100; x_wconf 90' lang='lat' dir='ltr'>conati</span> <span class='ocrx_word' id='word_1_81' title='bbox 918 1052 999 1112; x_wconf 90' lang='lat' dir='ltr'>sunt,</span> <span class='ocrx_word' id='word_1_82' title='bbox 1018 1060 1108 1120; x_wconf 84' lang='lat' dir='ltr'>opera</span> <span class='ocrx_word' id='word_1_83' title='bbox 1121 1044 1228 1120; x_wconf 86' lang='lat' dir='ltr'>majore,</span> <span class='ocrx_word' id='word_1_84' title='bbox 1265 1043 1269 1097; x_wconf 78' lang='lat' dir='ltr'>i</span> 
     </span>
     <span class='ocr_line' id='line_1_10' title="bbox 114 1123 1231 1202; baseline -0.004 -20"><span class='ocrx_word' id='word_1_85' title='bbox 114 1142 204 1202; x_wconf 88' lang='lat' dir='ltr'>quam</span> <span class='ocrx_word' id='word_1_86' title='bbox 216 1123 324 1182; x_wconf 90' lang='lat' dir='ltr'>fructu.</span> <span class='ocrx_word' id='word_1_87' title='bbox 366 1126 498 1190; x_wconf 85' lang='lat' dir='ltr'>Quorum</span> <span class='ocrx_word' id='word_1_88' title='bbox 512 1143 566 1182; x_wconf 90' lang='lat' dir='ltr'>nos</span> <span class='ocrx_word' id='word_1_89' title='bbox 579 1124 634 1182; x_wconf 91' lang='lat' dir='ltr'>esti</span> <span class='ocrx_word' id='word_1_90' title='bbox 645 1143 703 1181; x_wconf 90' lang='lat' dir='ltr'>non</span> <span class='ocrx_word' id='word_1_91' title='bbox 715 1124 926 1182; x_wconf 79' lang='lat' dir='ltr'>contemnimus</span> <span class='ocrx_word' id='word_1_92' title='bbox 940 1123 1123 1195; x_wconf 85' lang='lat' dir='ltr'>industriam,</span> <span class='ocrx_word' id='word_1_93' title='bbox 1144 1134 1231 1181; x_wconf 88' lang='lat' dir='ltr'>tamen</span> 
     </span>
     <span class='ocr_line' id='line_1_11' title="bbox 114 1201 1230 1284; baseline -0.003 -22"><span class='ocrx_word' id='word_1_94' title='bbox 114 1203 246 1282; x_wconf 79' lang='lat' dir='ltr'>quamvis</span> <span class='ocrx_word' id='word_1_95' title='bbox 260 1203 372 1263; x_wconf 89' lang='lat' dir='ltr'>infinita</span> <span class='ocrx_word' id='word_1_96' title='bbox 391 1204 577 1264; x_wconf 88' lang='lat' dir='ltr'>multitudine</span> <span class='ocrx_word' id='word_1_97' title='bbox 601 1205 800 1284; x_wconf 83' lang='lat' dir='ltr'>exemplorum</span> <span class='ocrx_word' id='word_1_98' title='bbox 824 1204 895 1261; x_wconf 90' lang='lat' dir='ltr'>nihil</span> <span class='ocrx_word' id='word_1_99' title='bbox 920 1202 993 1262; x_wconf 93' lang='lat' dir='ltr'>effici</span> <span class='ocrx_word' id='word_1_100' title='bbox 1017 1215 1165 1281; x_wconf 89' lang='lat' dir='ltr'>putamus,</span> <span class='ocrx_word' id='word_1_101' title='bbox 1184 1201 1230 1261; x_wconf 85' lang='lat' dir='ltr'>nisi</span> 
     </span>
     <span class='ocr_line' id='line_1_12' title="bbox 114 1282 1269 1365; baseline 0.003 -23"><span class='ocrx_word' id='word_1_102' title='bbox 114 1284 230 1345; x_wconf 87' lang='lat' dir='ltr'>idoneae</span> <span class='ocrx_word' id='word_1_103' title='bbox 243 1285 381 1356; x_wconf 87' lang='lat' dir='ltr'>rationes,</span> <span class='ocrx_word' id='word_1_104' title='bbox 400 1305 501 1365; x_wconf 76' lang='lat' dir='ltr'>eaque</span> <span class='ocrx_word' id='word_1_105' title='bbox 515 1307 554 1344; x_wconf 87' lang='lat' dir='ltr'>ex</span> <span class='ocrx_word' id='word_1_106' title='bbox 569 1289 633 1365; x_wconf 91' lang='lat' dir='ltr'>ipsa</span> <span class='ocrx_word' id='word_1_107' title='bbox 645 1286 759 1343; x_wconf 89' lang='lat' dir='ltr'>numeri</span> <span class='ocrx_word' id='word_1_108' title='bbox 773 1297 877 1344; x_wconf 87' lang='lat' dir='ltr'>natura</span> <span class='ocrx_word' id='word_1_109' title='bbox 886 1285 985 1364; x_wconf 85' lang='lat' dir='ltr'>petitae</span> <span class='ocrx_word' id='word_1_110' title='bbox 994 1282 1161 1345; x_wconf 80' lang='lat' dir='ltr'>afferantur.</span> <span class='ocrx_word' id='word_1_111' title='bbox 1265 1323 1269 1359; x_wconf 65' lang='lat'>3</span> 
     </span>
     <span class='ocr_line' id='line_1_13' title="bbox 158 1364 1269 1444; baseline -0.004 -17"><span class='ocrx_word' id='word_1_112' title='bbox 158 1371 187 1427; x_wconf 88' lang='lat'>6.</span> <span class='ocrx_word' id='word_1_113' title='bbox 208 1367 256 1425; x_wconf 82' lang='lat' dir='ltr'>Ita</span> <span class='ocrx_word' id='word_1_114' title='bbox 268 1366 346 1426; x_wconf 89' lang='lat' dir='ltr'>enim</span> <span class='ocrx_word' id='word_1_115' title='bbox 360 1367 568 1439; x_wconf 88' lang='lat' dir='ltr'>existimamus,</span> <span class='ocrx_word' id='word_1_116' title='bbox 583 1368 662 1426; x_wconf 92' lang='lat' dir='ltr'>hunc</span> <span class='ocrx_word' id='word_1_117' title='bbox 675 1385 790 1425; x_wconf 85' lang='lat' dir='ltr'>versum</span> <span class='ocrx_word' id='word_1_118' title='bbox 804 1378 908 1426; x_wconf 88' lang='lat' dir='ltr'>natura</span> <span class='ocrx_word' id='word_1_119' title='bbox 917 1385 969 1424; x_wconf 87' lang='lat' dir='ltr'>sua</span> <span class='ocrx_word' id='word_1_120' title='bbox 978 1364 1077 1444; x_wconf 88' lang='lat' dir='ltr'>plures</span> <span class='ocrx_word' id='word_1_121' title='bbox 1088 1366 1229 1426; x_wconf 74' lang='lat' dir='ltr'>admittere</span> <span class='ocrx_word' id='word_1_122' title='bbox 1264 1404 1269 1415; x_wconf 73' lang='lat'>›</span> 
     </span>
     <span class='ocr_line' id='line_1_14' title="bbox 116 1446 1228 1528; baseline -0.001 -21"><span class='ocrx_word' id='word_1_123' title='bbox 116 1466 252 1519; x_wconf 81' lang='lat' dir='ltr'>caesuras,</span> <span class='ocrx_word' id='word_1_124' title='bbox 273 1467 395 1526; x_wconf 86' lang='lat' dir='ltr'>quarum</span> <span class='ocrx_word' id='word_1_125' title='bbox 410 1467 469 1520; x_wconf 90' lang='lat' dir='ltr'>eas,</span> <span class='ocrx_word' id='word_1_126' title='bbox 490 1468 528 1507; x_wconf 85' lang='lat' dir='ltr'>ex</span> <span class='ocrx_word' id='word_1_127' title='bbox 543 1449 647 1528; x_wconf 92' lang='lat' dir='ltr'>quibus</span> <span class='ocrx_word' id='word_1_128' title='bbox 661 1447 776 1506; x_wconf 90' lang='lat' dir='ltr'>ordines</span> <span class='ocrx_word' id='word_1_129' title='bbox 790 1447 835 1506; x_wconf 88' lang='lat' dir='ltr'>vel</span> <span class='ocrx_word' id='word_1_130' title='bbox 844 1448 929 1506; x_wconf 89' lang='lat' dir='ltr'>nimis</span> <span class='ocrx_word' id='word_1_131' title='bbox 936 1446 1073 1525; x_wconf 73' lang='lat' dir='ltr'>aquales,</span> <span class='ocrx_word' id='word_1_132' title='bbox 1087 1448 1133 1507; x_wconf 88' lang='lat' dir='ltr'>vel</span> <span class='ocrx_word' id='word_1_133' title='bbox 1143 1448 1228 1527; x_wconf 86' lang='lat' dir='ltr'>inepte</span> 
     </span>
     <span class='ocr_line' id='line_1_15' title="bbox 115 1527 1230 1607; baseline -0.001 -21"><span class='ocrx_word' id='word_1_134' title='bbox 115 1528 274 1607; x_wconf 71' lang='lat' dir='ltr'>inaequales</span> <span class='ocrx_word' id='word_1_135' title='bbox 294 1528 437 1607; x_wconf 88' lang='lat' dir='ltr'>prodituri</span> <span class='ocrx_word' id='word_1_136' title='bbox 460 1540 567 1601; x_wconf 83' lang='lat' dir='ltr'>essent,</span> <span class='ocrx_word' id='word_1_137' title='bbox 589 1548 665 1598; x_wconf 87' lang='lat' dir='ltr'>raro,</span> <span class='ocrx_word' id='word_1_138' title='bbox 686 1548 742 1588; x_wconf 90' lang='lat' dir='ltr'>nec</span> <span class='ocrx_word' id='word_1_139' title='bbox 766 1529 821 1588; x_wconf 91' lang='lat' dir='ltr'>nisi</span> <span class='ocrx_word' id='word_1_140' title='bbox 842 1540 893 1588; x_wconf 91' lang='lat' dir='ltr'>aut</span> <span class='ocrx_word' id='word_1_141' title='bbox 913 1540 993 1588; x_wconf 86' lang='lat' dir='ltr'>certa</span> <span class='ocrx_word' id='word_1_142' title='bbox 1007 1527 1044 1587; x_wconf 90' lang='lat' dir='ltr'>de</span> <span class='ocrx_word' id='word_1_143' title='bbox 1058 1548 1170 1597; x_wconf 82' lang='lat' dir='ltr'>caussa,</span> <span class='ocrx_word' id='word_1_144' title='bbox 1189 1536 1230 1586; x_wconf 84' lang='lat' dir='ltr'>aut</span> 
     </span>
     <span class='ocr_line' id='line_1_16' title="bbox 116 1607 1230 1689; baseline -0.002 -20"><span class='ocrx_word' id='word_1_145' title='bbox 116 1610 205 1669; x_wconf 88' lang='lat' dir='ltr'>etiam</span> <span class='ocrx_word' id='word_1_146' title='bbox 227 1610 405 1687; x_wconf 81' lang='lat' dir='ltr'>negligentia</span> <span class='ocrx_word' id='word_1_147' title='bbox 426 1611 551 1688; x_wconf 89' lang='lat' dir='ltr'>quadam</span> <span class='ocrx_word' id='word_1_148' title='bbox 573 1620 723 1689; x_wconf 90' lang='lat' dir='ltr'>usurpatas</span> <span class='ocrx_word' id='word_1_149' title='bbox 745 1629 822 1679; x_wconf 88' lang='lat' dir='ltr'>esse;</span> <span class='ocrx_word' id='word_1_150' title='bbox 849 1611 994 1670; x_wconf 88' lang='lat' dir='ltr'>interdum</span> <span class='ocrx_word' id='word_1_151' title='bbox 1022 1623 1132 1682; x_wconf 88' lang='lat' dir='ltr'>autem,</span> <span class='ocrx_word' id='word_1_152' title='bbox 1163 1607 1230 1689; x_wconf 89' lang='lat' dir='ltr'>quod</span> 
     </span>
     <span class='ocr_line' id='line_1_17' title="bbox 113 1691 1229 1770; baseline 0.001 -22"><span class='ocrx_word' id='word_1_153' title='bbox 113 1691 211 1769; x_wconf 88' lang='lat' dir='ltr'>ipsum</span> <span class='ocrx_word' id='word_1_154' title='bbox 225 1691 345 1749; x_wconf 85' lang='lat' dir='ltr'>incuriae</span> <span class='ocrx_word' id='word_1_155' title='bbox 357 1691 544 1750; x_wconf 89' lang='lat' dir='ltr'>tribuendum</span> <span class='ocrx_word' id='word_1_156' title='bbox 557 1693 682 1763; x_wconf 87' lang='lat' dir='ltr'>videtur,</span> <span class='ocrx_word' id='word_1_157' title='bbox 704 1711 819 1752; x_wconf 90' lang='lat' dir='ltr'>omnem</span> <span class='ocrx_word' id='word_1_158' title='bbox 834 1693 999 1770; x_wconf 85' lang='lat' dir='ltr'>neglectam</span> <span class='ocrx_word' id='word_1_159' title='bbox 1014 1710 1078 1751; x_wconf 90' lang='lat' dir='ltr'>esse</span> <span class='ocrx_word' id='word_1_160' title='bbox 1093 1708 1229 1760; x_wconf 72' lang='lat' dir='ltr'>caesuram</span> 
     </span>
     <span class='ocr_line' id='line_1_18' title="bbox 138 1771 1269 1851; baseline 0 -20"><span class='ocrx_word' id='word_1_161' title='bbox 138 1771 197 1831; x_wconf 94' lang='lat' dir='ltr'>uod</span> <span class='ocrx_word' id='word_1_162' title='bbox 210 1771 239 1829; x_wconf 91' lang='lat' dir='ltr'>in</span> <span class='ocrx_word' id='word_1_163' title='bbox 251 1784 310 1831; x_wconf 89' lang='lat' dir='ltr'>tam</span> <span class='ocrx_word' id='word_1_164' title='bbox 324 1773 405 1831; x_wconf 91' lang='lat' dir='ltr'>brevi</span> <span class='ocrx_word' id='word_1_165' title='bbox 417 1792 512 1843; x_wconf 89' lang='lat' dir='ltr'>versu,</span> <span class='ocrx_word' id='word_1_166' title='bbox 534 1774 558 1832; x_wconf 88' lang='lat' dir='ltr'>si</span> <span class='ocrx_word' id='word_1_167' title='bbox 572 1792 637 1832; x_wconf 88' lang='lat' dir='ltr'>raro</span> <span class='ocrx_word' id='word_1_168' title='bbox 652 1773 712 1843; x_wconf 89' lang='lat' dir='ltr'>fiat,</span> <span class='ocrx_word' id='word_1_169' title='bbox 728 1793 786 1832; x_wconf 94' lang='lat' dir='ltr'>non</span> <span class='ocrx_word' id='word_1_170' title='bbox 800 1773 889 1832; x_wconf 89' lang='lat' dir='ltr'>babet</span> <span class='ocrx_word' id='word_1_171' title='bbox 898 1792 1032 1851; x_wconf 90' lang='lat' dir='ltr'>magnam</span> <span class='ocrx_word' id='word_1_172' title='bbox 1044 1772 1228 1833; x_wconf 82' lang='lat' dir='ltr'>offensionem</span> <span class='ocrx_word' id='word_1_173' title='bbox 1262 1802 1269 1841; x_wconf 89' lang='lat'>:</span> 
     </span>
     <span class='ocr_line' id='line_1_19' title="bbox 117 1850 1268 1936; baseline 0.001 -26"><span class='ocrx_word' id='word_1_174' title='bbox 117 1852 168 1910; x_wconf 74' lang='lat' dir='ltr'>ltx</span> <span class='ocrx_word' id='word_1_175' title='bbox 191 1852 235 1911; x_wconf 91' lang='lat' dir='ltr'>his</span> <span class='ocrx_word' id='word_1_176' title='bbox 256 1854 390 1913; x_wconf 86' lang='lat' dir='ltr'>aestimari</span> <span class='ocrx_word' id='word_1_177' title='bbox 408 1854 527 1933; x_wconf 89' lang='lat' dir='ltr'>poterit,</span> <span class='ocrx_word' id='word_1_178' title='bbox 548 1856 617 1936; x_wconf 89' lang='lat' dir='ltr'>quid</span> <span class='ocrx_word' id='word_1_179' title='bbox 636 1855 759 1913; x_wconf 90' lang='lat' dir='ltr'>sentiam</span> <span class='ocrx_word' id='word_1_180' title='bbox 773 1855 811 1914; x_wconf 90' lang='lat' dir='ltr'>de</span> <span class='ocrx_word' id='word_1_181' title='bbox 824 1855 869 1927; x_wconf 91' lang='lat' dir='ltr'>iis,</span> <span class='ocrx_word' id='word_1_182' title='bbox 890 1874 955 1933; x_wconf 86' lang='lat' dir='ltr'>quae</span> <span class='ocrx_word' id='word_1_183' title='bbox 970 1856 1120 1913; x_wconf 91' lang='lat' dir='ltr'>Porsonus</span> <span class='ocrx_word' id='word_1_184' title='bbox 1132 1855 1162 1913; x_wconf 90' lang='lat' dir='ltr'>in</span> <span class='ocrx_word' id='word_1_185' title='bbox 1175 1871 1230 1932; x_wconf 78' lang='lat' dir='ltr'>sup·</span> <span class='ocrx_word' id='word_1_186' title='bbox 1262 1850 1268 1879; x_wconf 72' lang='lat'>&#39;·</span> 
     </span>
     <span class='ocr_line' id='line_1_20' title="bbox 114 1932 1230 2015; baseline 0.003 -25"><span class='ocrx_word' id='word_1_187' title='bbox 114 1932 265 2013; x_wconf 90' lang='lat' dir='ltr'>plemento</span> <span class='ocrx_word' id='word_1_188' title='bbox 279 1935 455 2014; x_wconf 70' lang='lat' dir='ltr'>praefationis</span> <span class='ocrx_word' id='word_1_189' title='bbox 469 1935 506 1994; x_wconf 90' lang='lat' dir='ltr'>ad</span> <span class='ocrx_word' id='word_1_190' title='bbox 521 1936 675 1995; x_wconf 84' lang='lat' dir='ltr'>Hecubam</span> <span class='ocrx_word' id='word_1_191' title='bbox 690 1956 719 2014; x_wconf 89' lang='lat' dir='ltr'>p.</span> <span class='ocrx_word' id='word_1_192' title='bbox 741 1941 789 1997; x_wconf 76' lang='lat' dir='ltr'>at.</span> <span class='ocrx_word' id='word_1_193' title='bbox 809 1955 891 2015; x_wconf 89' lang='lat' dir='ltr'>seqq.</span> <span class='ocrx_word' id='word_1_194' title='bbox 915 1935 1082 2015; x_wconf 89' lang='lat' dir='ltr'>disputavit.</span> <span class='ocrx_word' id='word_1_195' title='bbox 1124 1934 1183 1995; x_wconf 87' lang='lat' dir='ltr'>Sed</span> <span class='ocrx_word' id='word_1_196' title='bbox 1203 1950 1230 1993; x_wconf 78' lang='lat' dir='ltr'>es</span> 
     </span>
     <span class='ocr_line' id='line_1_21' title="bbox 115 2015 1229 2096; baseline 0 -23"><span class='ocrx_word' id='word_1_197' title='bbox 115 2032 155 2074; x_wconf 87' lang='lat' dir='ltr'>ne</span> <span class='ocrx_word' id='word_1_198' title='bbox 168 2015 284 2076; x_wconf 85' lang='lat' dir='ltr'>silentio</span> <span class='ocrx_word' id='word_1_199' title='bbox 293 2027 475 2096; x_wconf 85' lang='lat' dir='ltr'>praeteream,</span> <span class='ocrx_word' id='word_1_200' title='bbox 497 2017 655 2076; x_wconf 87' lang='lat' dir='ltr'>auctoritas</span> <span class='ocrx_word' id='word_1_201' title='bbox 668 2017 721 2075; x_wconf 86' lang='lat' dir='ltr'>viri</span> <span class='ocrx_word' id='word_1_202' title='bbox 734 2015 816 2089; x_wconf 90' lang='lat' dir='ltr'>facit,</span> <span class='ocrx_word' id='word_1_203' title='bbox 838 2037 903 2095; x_wconf 88' lang='lat' dir='ltr'>quae</span> <span class='ocrx_word' id='word_1_204' title='bbox 916 2017 994 2096; x_wconf 88' lang='lat' dir='ltr'>apud</span> <span class='ocrx_word' id='word_1_205' title='bbox 1007 2017 1163 2095; x_wconf 88' lang='lat' dir='ltr'>populares</span> <span class='ocrx_word' id='word_1_206' title='bbox 1179 2019 1229 2094; x_wconf 87' lang='lat' dir='ltr'>ejus</span> 
     </span>
     <span class='ocr_line' id='line_1_22' title="bbox 114 2097 1269 2179; baseline 0.003 -23"><span class='ocrx_word' id='word_1_207' title='bbox 114 2107 266 2168; x_wconf 85' lang='lat' dir='ltr'>tantaest,</span> <span class='ocrx_word' id='word_1_208' title='bbox 289 2110 322 2157; x_wconf 90' lang='lat' dir='ltr'>ut</span> <span class='ocrx_word' id='word_1_209' title='bbox 343 2098 379 2158; x_wconf 87' lang='lat' dir='ltr'>ab</span> <span class='ocrx_word' id='word_1_210' title='bbox 394 2103 456 2179; x_wconf 90' lang='lat' dir='ltr'>ejus</span> <span class='ocrx_word' id='word_1_211' title='bbox 477 2097 591 2177; x_wconf 86' lang='lat' dir='ltr'>placitis</span> <span class='ocrx_word' id='word_1_212' title='bbox 616 2097 766 2157; x_wconf 90' lang='lat' dir='ltr'>discedere</span> <span class='ocrx_word' id='word_1_213' title='bbox 786 2118 861 2177; x_wconf 90' lang='lat' dir='ltr'>pene</span> <span class='ocrx_word' id='word_1_214' title='bbox 885 2098 1018 2177; x_wconf 87' lang='lat' dir='ltr'>religioni</span> <span class='ocrx_word' id='word_1_215' title='bbox 1040 2097 1097 2156; x_wconf 91' lang='lat' dir='ltr'>sibi</span> <span class='ocrx_word' id='word_1_216' title='bbox 1124 2098 1230 2157; x_wconf 81' lang='lat' dir='ltr'>ducant.</span> <span class='ocrx_word' id='word_1_217' title='bbox 1266 2154 1269 2160; x_wconf 90' lang='lat'>.</span> 
     </span>
     <span class='ocr_line' id='line_1_23' title="bbox 115 2175 1230 2260; baseline 0.002 -24"><span class='ocrx_word' id='word_1_218' title='bbox 115 2175 149 2237; x_wconf 86' lang='lat' dir='ltr'>Is</span> <span class='ocrx_word' id='word_1_219' title='bbox 173 2198 290 2239; x_wconf 79' lang='lat' dir='ltr'>casurae</span> <span class='ocrx_word' id='word_1_220' title='bbox 314 2184 386 2260; x_wconf 89' lang='lat' dir='ltr'>ejus,</span> <span class='ocrx_word' id='word_1_221' title='bbox 416 2200 481 2260; x_wconf 85' lang='lat' dir='ltr'>quae</span> <span class='ocrx_word' id='word_1_222' title='bbox 505 2184 683 2260; x_wconf 67' lang='grc' dir='ltr'>πιεθομιμιςὺς</span> <span class='ocrx_word' id='word_1_223' title='bbox 706 2190 838 2250; x_wconf 86' lang='lat' dir='ltr'>vocatur,</span> <span class='ocrx_word' id='word_1_224' title='bbox 870 2190 1007 2256; x_wconf 90' lang='lat' dir='ltr'>quattuor</span> <span class='ocrx_word' id='word_1_225' title='bbox 1030 2178 1103 2238; x_wconf 86' lang='lat' dir='ltr'>facit</span> <span class='ocrx_word' id='word_1_226' title='bbox 1123 2194 1230 2258; x_wconf 77' lang='lat' dir='ltr'>genera,</span> 
     </span>
     <span class='ocr_line' id='line_1_24' title="bbox 116 2256 1230 2341; baseline 0.006 -23"><span class='ocrx_word' id='word_1_227' title='bbox 116 2261 215 2340; x_wconf 91' lang='lat' dir='ltr'>prouti</span> <span class='ocrx_word' id='word_1_228' title='bbox 229 2281 264 2320; x_wconf 91' lang='lat' dir='ltr'>ea</span> <span class='ocrx_word' id='word_1_229' title='bbox 278 2261 322 2320; x_wconf 87' lang='lat' dir='ltr'>vel</span> <span class='ocrx_word' id='word_1_230' title='bbox 336 2262 365 2318; x_wconf 91' lang='lat' dir='ltr'>in</span> <span class='ocrx_word' id='word_1_231' title='bbox 379 2262 461 2321; x_wconf 91' lang='lat' dir='ltr'>brevi</span> <span class='ocrx_word' id='word_1_232' title='bbox 474 2262 520 2321; x_wconf 92' lang='lat' dir='ltr'>vel</span> <span class='ocrx_word' id='word_1_233' title='bbox 533 2262 564 2319; x_wconf 93' lang='lat' dir='ltr'>in</span> <span class='ocrx_word' id='word_1_234' title='bbox 578 2260 666 2338; x_wconf 87' lang='lat' dir='ltr'>longa</span> <span class='ocrx_word' id='word_1_235' title='bbox 680 2260 801 2341; x_wconf 90' lang='lat' dir='ltr'>syllaba,</span> <span class='ocrx_word' id='word_1_236' title='bbox 821 2261 909 2339; x_wconf 89' lang='lat' dir='ltr'>idque</span> <span class='ocrx_word' id='word_1_237' title='bbox 922 2261 969 2321; x_wconf 87' lang='lat' dir='ltr'>vel</span> <span class='ocrx_word' id='word_1_238' title='bbox 982 2261 1044 2320; x_wconf 84' lang='lat' dir='ltr'>sine</span> <span class='ocrx_word' id='word_1_239' title='bbox 1055 2260 1184 2333; x_wconf 88' lang='lat' dir='ltr'>elisione,</span> <span class='ocrx_word' id='word_1_240' title='bbox 1195 2256 1230 2318; x_wconf 81' lang='lat' dir='ltr'>vd</span> 
     </span>
     <span class='ocr_line' id='line_1_25' title="bbox 118 2343 395 2403; baseline 0.014 -4"><span class='ocrx_word' id='word_1_241' title='bbox 118 2360 185 2400; x_wconf 91' lang='lat' dir='ltr'>cum</span> <span class='ocrx_word' id='word_1_242' title='bbox 199 2343 319 2402; x_wconf 88' lang='lat' dir='ltr'>elisione</span> <span class='ocrx_word' id='word_1_243' title='bbox 332 2343 395 2403; x_wconf 88' lang='lat' dir='ltr'>fiat:</span> 
     </span>
    </p>
   </div>
   <div class='ocr_carea' id='block_1_3' title="bbox 196 2456 815 2787">
    <p class='ocr_par' dir='ltr' id='par_1_3' title="bbox 196 2456 750 2705">
     <span class='ocr_line' id='line_1_26' title="bbox 196 2456 720 2560; baseline 0.01 -45"><span class='ocrx_word' id='word_1_244' title='bbox 196 2456 301 2523; x_wconf 66' lang='lat' dir='ltr'>siolum</span> <span class='ocrx_word' id='word_1_245' title='bbox 314 2457 374 2536; x_wconf 74' lang='grc' dir='ltr'><strong><em>ἐὀχε</em></strong></span> <span class='ocrx_word' id='word_1_246' title='bbox 414 2458 467 2560; x_wconf 64' lang='lat' dir='ltr'>lapi</span> <span class='ocrx_word' id='word_1_247' title='bbox 479 2467 558 2520; x_wconf 73' lang='grc' dir='ltr'><strong><em>πει-εῖν</em></strong></span> <span class='ocrx_word' id='word_1_248' title='bbox 570 2461 720 2540; x_wconf 69' lang='grc' dir='ltr'><strong><em>Ἐλληνικξὶι</em></strong></span> 
     </span>
     <span class='ocr_line' id='line_1_27' title="bbox 197 2539 738 2622; baseline 0.007 -26"><span class='ocrx_word' id='word_1_249' title='bbox 197 2543 291 2620; x_wconf 69' lang='grc' dir='ltr'><strong><em>πειτῆς,</em></strong></span> <span class='ocrx_word' id='word_1_250' title='bbox 312 2539 351 2607; x_wconf 74' lang='grc' dir='ltr'>ἵν’,</span> <span class='ocrx_word' id='word_1_251' title='bbox 373 2565 443 2600; x_wconf 74' lang='lat' dir='ltr'>ermr-</span> <span class='ocrx_word' id='word_1_252' title='bbox 467 2540 473 2622; x_wconf 95' lang='grc' dir='ltr'>Ι</span> <span class='ocrx_word' id='word_1_253' title='bbox 490 2543 570 2601; x_wconf 79' lang='grc' dir='ltr'><strong><em>Ἰλίου</em></strong></span> <span class='ocrx_word' id='word_1_254' title='bbox 585 2545 654 2618; x_wconf 74' lang='grc' dir='ltr'><strong><em>τείχη</em></strong></span> <span class='ocrx_word' id='word_1_255' title='bbox 669 2546 738 2601; x_wconf 75' lang='grc' dir='ltr'><strong><em>πίονι</em></strong></span> 
     </span>
     <span class='ocr_line' id='line_1_28' title="bbox 197 2619 750 2705; baseline 0.007 -28"><span class='ocrx_word' id='word_1_256' title='bbox 197 2621 287 2690; x_wconf 64' lang='grc' dir='ltr'><strong><em>λιτόν,</em></strong></span> <span class='ocrx_word' id='word_1_257' title='bbox 308 2619 336 2677; x_wconf 75' lang='grc' dir='ltr'>ἵν’</span> <span class='ocrx_word' id='word_1_258' title='bbox 349 2619 430 2701; x_wconf 64' lang='grc' dir='ltr'><strong><em>’ᾍδης</em></strong></span> <span class='ocrx_word' id='word_1_259' title='bbox 447 2620 453 2704; x_wconf 90' lang='grc' dir='ltr'>Ι</span> <span class='ocrx_word' id='word_1_260' title='bbox 470 2629 548 2705; x_wconf 61' lang='lat' dir='ltr'>gagis</span> <span class='ocrx_word' id='word_1_261' title='bbox 561 2621 666 2700; x_wconf 75' lang='lat' dir='ltr'>q’iasrras</span> <span class='ocrx_word' id='word_1_262' title='bbox 680 2626 750 2683; x_wconf 67' lang='grc' dir='ltr'><strong><em>θοῦν.</em></strong></span> 
     </span>
    </p>

    <p class='ocr_par' dir='ltr' id='par_1_4' title="bbox 196 2700 815 2787">
     <span class='ocr_line' id='line_1_29' title="bbox 196 2700 815 2787; baseline 0.008 -28"><span class='ocrx_word' id='word_1_263' title='bbox 196 2705 243 2761; x_wconf 72' lang='lat' dir='ltr'>nal</span> <span class='ocrx_word' id='word_1_264' title='bbox 256 2700 367 2775; x_wconf 58' lang='grc' dir='ltr'>τεύξεται</span> <span class='ocrx_word' id='word_1_265' title='bbox 380 2701 446 2765; x_wconf 54' lang='grc' dir='ltr'><strong><em>τοῦδ’</em></strong></span> <span class='ocrx_word' id='word_1_266' title='bbox 463 2703 469 2787; x_wconf 94' lang='grc' dir='ltr'>Ι</span> <span class='ocrx_word' id='word_1_267' title='bbox 489 2703 542 2765; x_wconf 70' lang='lat' dir='ltr'>ov&#39;d&#39;</span> <span class='ocrx_word' id='word_1_268' title='bbox 556 2702 680 2787; x_wconf 64' lang='grc' dir='ltr'>οἶδε’ςιιτις</span> <span class='ocrx_word' id='word_1_269' title='bbox 700 2708 789 2779; x_wconf 71' lang='grc' dir='ltr'><strong><em>Φίλιον.</em></strong></span> <span class='ocrx_word' id='word_1_270' title='bbox 813 2738 815 2742; x_wconf 96' lang='grc'><strong><em>·</em></strong></span> 
     </span>
    </p>
   </div>
   <div class='ocr_carea' id='block_1_4' title="bbox 20 2813 1269 3620">
    <p class='ocr_par' dir='ltr' id='par_1_5' title="bbox 110 2813 1269 3386">
     <span class='ocr_line' id='line_1_30' title="bbox 117 2813 1269 2898; baseline 0.003 -25"><span class='ocrx_word' id='word_1_271' title='bbox 117 2815 162 2874; x_wconf 92' lang='lat' dir='ltr'>At</span> <span class='ocrx_word' id='word_1_272' title='bbox 184 2813 231 2873; x_wconf 89' lang='lat' dir='ltr'>hae</span> <span class='ocrx_word' id='word_1_273' title='bbox 252 2815 462 2889; x_wconf 86' lang='lat' dir='ltr'>distinctiones,</span> <span class='ocrx_word' id='word_1_274' title='bbox 483 2836 548 2877; x_wconf 88' lang='lat' dir='ltr'>mea</span> <span class='ocrx_word' id='word_1_275' title='bbox 572 2817 726 2888; x_wconf 89' lang='lat' dir='ltr'>sententia,</span> <span class='ocrx_word' id='word_1_276' title='bbox 748 2819 834 2898; x_wconf 89' lang='lat' dir='ltr'>plane</span> <span class='ocrx_word' id='word_1_277' title='bbox 855 2813 971 2874; x_wconf 84' lang='lat' dir='ltr'>inutiles</span> <span class='ocrx_word' id='word_1_278' title='bbox 991 2827 1068 2890; x_wconf 89' lang='lat' dir='ltr'>sunt,</span> <span class='ocrx_word' id='word_1_279' title='bbox 1090 2816 1230 2897; x_wconf 81' lang='lat' dir='ltr'>siquidem,</span> <span class='ocrx_word' id='word_1_280' title='bbox 1263 2814 1269 2821; x_wconf 82' lang='grc'><strong>’</strong></span> 
     </span>
     <span class='ocr_line' id='line_1_31' title="bbox 117 2896 1269 2978; baseline 0.008 -24"><span class='ocrx_word' id='word_1_281' title='bbox 117 2896 213 2955; x_wconf 88' lang='lat' dir='ltr'>brevis</span> <span class='ocrx_word' id='word_1_282' title='bbox 234 2915 271 2954; x_wconf 89' lang='lat' dir='ltr'>an</span> <span class='ocrx_word' id='word_1_283' title='bbox 282 2897 370 2976; x_wconf 85' lang='lat' dir='ltr'>longa</span> <span class='ocrx_word' id='word_1_284' title='bbox 382 2898 438 2956; x_wconf 89' lang='lat' dir='ltr'>ista</span> <span class='ocrx_word' id='word_1_285' title='bbox 451 2899 561 2978; x_wconf 86' lang='lat' dir='ltr'>syllaba</span> <span class='ocrx_word' id='word_1_286' title='bbox 575 2901 622 2970; x_wconf 91' lang='lat' dir='ltr'>sit,</span> <span class='ocrx_word' id='word_1_287' title='bbox 644 2898 714 2957; x_wconf 91' lang='lat' dir='ltr'>nihil</span> <span class='ocrx_word' id='word_1_288' title='bbox 729 2901 859 2971; x_wconf 88' lang='lat' dir='ltr'>interest,</span> <span class='ocrx_word' id='word_1_289' title='bbox 883 2897 964 2955; x_wconf 89' lang='lat' dir='ltr'>elisio</span> <span class='ocrx_word' id='word_1_290' title='bbox 978 2908 1088 2971; x_wconf 80' lang='lat' dir='ltr'>antem,</span> <span class='ocrx_word' id='word_1_291' title='bbox 1110 2911 1143 2959; x_wconf 92' lang='lat' dir='ltr'>ut</span> <span class='ocrx_word' id='word_1_292' title='bbox 1156 2912 1230 2977; x_wconf 82' lang='lat' dir='ltr'>suprt</span> <span class='ocrx_word' id='word_1_293' title='bbox 1264 2958 1269 2963; x_wconf 90' lang='lat'><em>.</em></span> 
     </span>
     <span class='ocr_line' id='line_1_32' title="bbox 110 2977 1229 3059; baseline 0.002 -25"><span class='ocrx_word' id='word_1_294' title='bbox 110 2977 267 3055; x_wconf 85' lang='lat' dir='ltr'>adnotavi,</span> <span class='ocrx_word' id='word_1_295' title='bbox 287 2997 425 3037; x_wconf 88' lang='lat' dir='ltr'>caesuram</span> <span class='ocrx_word' id='word_1_296' title='bbox 438 2981 510 3037; x_wconf 90' lang='lat' dir='ltr'>nihil</span> <span class='ocrx_word' id='word_1_297' title='bbox 525 2979 656 3059; x_wconf 86' lang='lat' dir='ltr'>impedit.</span> <span class='ocrx_word' id='word_1_298' title='bbox 697 2982 778 3040; x_wconf 90' lang='lat' dir='ltr'>Huic</span> <span class='ocrx_word' id='word_1_299' title='bbox 792 2999 910 3040; x_wconf 81' lang='lat' dir='ltr'>caesurae</span> <span class='ocrx_word' id='word_1_300' title='bbox 924 2977 1005 3036; x_wconf 85' lang='lat' dir='ltr'>addit</span> <span class='ocrx_word' id='word_1_301' title='bbox 1019 2979 1115 3053; x_wconf 87' lang='lat' dir='ltr'>aliam,</span> <span class='ocrx_word' id='word_1_302' title='bbox 1136 2984 1229 3056; x_wconf 71' lang='lat' dir='ltr'>ipispc·</span> 
     </span>
     <span class='ocr_line' id='line_1_33' title="bbox 118 3058 1230 3140; baseline 0.004 -23"><span class='ocrx_word' id='word_1_303' title='bbox 118 3065 180 3140; x_wconf 69' lang='grc' dir='ltr'>μιςῆ</span> <span class='ocrx_word' id='word_1_304' title='bbox 194 3077 211 3116; x_wconf 97' lang='lat' dir='ltr'>a</span> <span class='ocrx_word' id='word_1_305' title='bbox 224 3058 419 3136; x_wconf 87' lang='lat' dir='ltr'>grammaticis</span> <span class='ocrx_word' id='word_1_306' title='bbox 432 3072 575 3135; x_wconf 87' lang='lat' dir='ltr'>vocatam,</span> <span class='ocrx_word' id='word_1_307' title='bbox 597 3082 663 3139; x_wconf 84' lang='lat' dir='ltr'>quae</span> <span class='ocrx_word' id='word_1_308' title='bbox 687 3063 779 3122; x_wconf 89' lang='lat' dir='ltr'>estin</span> <span class='ocrx_word' id='word_1_309' title='bbox 801 3060 898 3121; x_wconf 91' lang='lat' dir='ltr'>medio</span> <span class='ocrx_word' id='word_1_310' title='bbox 920 3070 1023 3139; x_wconf 87' lang='lat' dir='ltr'>quarto</span> <span class='ocrx_word' id='word_1_311' title='bbox 1045 3060 1131 3140; x_wconf 90' lang='lat' dir='ltr'>pede.</span> <span class='ocrx_word' id='word_1_312' title='bbox 1171 3062 1230 3139; x_wconf 80' lang='lat' dir='ltr'>Ejus</span> 
     </span>
     <span class='ocr_line' id='line_1_34' title="bbox 120 3138 1229 3221; baseline -0.003 -23"><span class='ocrx_word' id='word_1_313' title='bbox 120 3148 189 3198; x_wconf 91' lang='lat' dir='ltr'>octo</span> <span class='ocrx_word' id='word_1_314' title='bbox 210 3140 294 3218; x_wconf 91' lang='lat' dir='ltr'>ponit</span> <span class='ocrx_word' id='word_1_315' title='bbox 307 3138 432 3199; x_wconf 89' lang='lat' dir='ltr'>diversas</span> <span class='ocrx_word' id='word_1_316' title='bbox 445 3141 562 3212; x_wconf 81' lang='lat' dir='ltr'>formae,</span> <span class='ocrx_word' id='word_1_317' title='bbox 584 3144 681 3221; x_wconf 90' lang='lat' dir='ltr'>prouti</span> <span class='ocrx_word' id='word_1_318' title='bbox 701 3145 747 3202; x_wconf 88' lang='lat' dir='ltr'>vel</span> <span class='ocrx_word' id='word_1_319' title='bbox 768 3144 798 3201; x_wconf 91' lang='lat' dir='ltr'>in</span> <span class='ocrx_word' id='word_1_320' title='bbox 822 3141 953 3219; x_wconf 89' lang='lat' dir='ltr'>longiore</span> <span class='ocrx_word' id='word_1_321' title='bbox 977 3143 1120 3201; x_wconf 86' lang='lat' dir='ltr'>vocabulo</span> <span class='ocrx_word' id='word_1_322' title='bbox 1143 3143 1187 3201; x_wconf 87' lang='lat' dir='ltr'>vel</span> <span class='ocrx_word' id='word_1_323' title='bbox 1207 3140 1229 3195; x_wconf 88' lang='lat' dir='ltr'>iu</span> 
     </span>
     <span class='ocr_line' id='line_1_35' title="bbox 118 3221 1229 3301; baseline 0.004 -24"><span class='ocrx_word' id='word_1_324' title='bbox 118 3239 194 3279; x_wconf 85' lang='lat' dir='ltr'>voce</span> <span class='ocrx_word' id='word_1_325' title='bbox 214 3221 413 3299; x_wconf 88' lang='lat' dir='ltr'>monosyllaba</span> <span class='ocrx_word' id='word_1_326' title='bbox 426 3222 486 3294; x_wconf 87' lang='lat' dir='ltr'>fiat,</span> <span class='ocrx_word' id='word_1_327' title='bbox 501 3242 594 3301; x_wconf 89' lang='lat' dir='ltr'>eaque</span> <span class='ocrx_word' id='word_1_328' title='bbox 608 3224 653 3283; x_wconf 89' lang='lat' dir='ltr'>vel</span> <span class='ocrx_word' id='word_1_329' title='bbox 673 3225 818 3296; x_wconf 89' lang='lat' dir='ltr'>enclitica,</span> <span class='ocrx_word' id='word_1_330' title='bbox 839 3224 885 3283; x_wconf 86' lang='lat' dir='ltr'>vel</span> <span class='ocrx_word' id='word_1_331' title='bbox 910 3241 969 3280; x_wconf 93' lang='lat' dir='ltr'>non</span> <span class='ocrx_word' id='word_1_332' title='bbox 992 3224 1143 3294; x_wconf 86' lang='lat' dir='ltr'>enclitica;</span> <span class='ocrx_word' id='word_1_333' title='bbox 1167 3223 1229 3281; x_wconf 83' lang='lat' dir='ltr'>hanc</span> 
     </span>
     <span class='ocr_line' id='line_1_36' title="bbox 119 3303 1229 3386; baseline -0.003 -25"><span class='ocrx_word' id='word_1_334' title='bbox 119 3313 292 3361; x_wconf 84' lang='lat' dir='ltr'>autemnon</span> <span class='ocrx_word' id='word_1_335' title='bbox 313 3303 477 3362; x_wconf 87' lang='lat' dir='ltr'>encliticam</span> <span class='ocrx_word' id='word_1_336' title='bbox 491 3304 539 3362; x_wconf 89' lang='lat' dir='ltr'>vel</span> <span class='ocrx_word' id='word_1_337' title='bbox 559 3306 645 3364; x_wconf 91' lang='lat' dir='ltr'>talem</span> <span class='ocrx_word' id='word_1_338' title='bbox 671 3326 744 3379; x_wconf 89' lang='lat' dir='ltr'>esse,</span> <span class='ocrx_word' id='word_1_339' title='bbox 764 3327 830 3386; x_wconf 88' lang='lat' dir='ltr'>quae</span> <span class='ocrx_word' id='word_1_340' title='bbox 850 3303 1022 3364; x_wconf 84' lang='lat' dir='ltr'>sententiam</span> <span class='ocrx_word' id='word_1_341' title='bbox 1042 3305 1178 3365; x_wconf 88' lang='lat' dir='ltr'>inchoare</span> <span class='ocrx_word' id='word_1_342' title='bbox 1190 3319 1229 3360; x_wconf 90' lang='lat' dir='ltr'>ne·</span> 
     </span>
    </p>

    <p class='ocr_par' dir='ltr' id='par_1_6' title="bbox 20 3382 1269 3620">
     <span class='ocr_line' id='line_1_37' title="bbox 20 3382 1269 3465; baseline 0.002 -26"><span class='ocrx_word' id='word_1_343' title='bbox 20 3398 27 3407; x_wconf 92' lang='lat'><strong>·</strong></span> <span class='ocrx_word' id='word_1_344' title='bbox 121 3395 219 3463; x_wconf 87' lang='lat' dir='ltr'>queat,</span> <span class='ocrx_word' id='word_1_345' title='bbox 243 3382 289 3442; x_wconf 89' lang='lat' dir='ltr'>vel</span> <span class='ocrx_word' id='word_1_346' title='bbox 304 3383 403 3455; x_wconf 89' lang='lat' dir='ltr'>talem,</span> <span class='ocrx_word' id='word_1_347' title='bbox 428 3405 492 3463; x_wconf 87' lang='lat' dir='ltr'>quae</span> <span class='ocrx_word' id='word_1_348' title='bbox 506 3386 596 3462; x_wconf 89' lang='lat' dir='ltr'>possit</span> <span class='ocrx_word' id='word_1_349' title='bbox 610 3386 747 3446; x_wconf 89' lang='lat' dir='ltr'>inchoare</span> <span class='ocrx_word' id='word_1_350' title='bbox 762 3387 949 3455; x_wconf 65' lang='lat' dir='ltr'>sententiam</span> <span class='ocrx_word' id='word_1_351' title='bbox 968 3386 1045 3445; x_wconf 90' lang='lat' dir='ltr'>banc</span> <span class='ocrx_word' id='word_1_352' title='bbox 1069 3398 1228 3465; x_wconf 82' lang='lat' dir='ltr'>postremam</span> <span class='ocrx_word' id='word_1_353' title='bbox 1258 3424 1269 3434; x_wconf 92' lang='lat'>-</span> 
     </span>
     <span class='ocr_line' id='line_1_38' title="bbox 118 3461 1228 3549; baseline -0.003 -25"><span class='ocrx_word' id='word_1_354' title='bbox 118 3484 208 3545; x_wconf 89' lang='lat' dir='ltr'>porro</span> <span class='ocrx_word' id='word_1_355' title='bbox 221 3464 268 3522; x_wconf 89' lang='lat' dir='ltr'>vel</span> <span class='ocrx_word' id='word_1_356' title='bbox 278 3465 315 3523; x_wconf 90' lang='lat' dir='ltr'>ad</span> <span class='ocrx_word' id='word_1_357' title='bbox 329 3467 525 3543; x_wconf 88' lang='lat' dir='ltr'>praecedentia</span> <span class='ocrx_word' id='word_1_358' title='bbox 536 3467 694 3543; x_wconf 87' lang='lat' dir='ltr'>pertinere,</span> <span class='ocrx_word' id='word_1_359' title='bbox 716 3469 762 3528; x_wconf 92' lang='lat' dir='ltr'>vel</span> <span class='ocrx_word' id='word_1_360' title='bbox 776 3469 814 3528; x_wconf 88' lang='lat' dir='ltr'>ad</span> <span class='ocrx_word' id='word_1_361' title='bbox 828 3465 996 3547; x_wconf 79' lang='lat' dir='ltr'>sequentia3</span> <span class='ocrx_word' id='word_1_362' title='bbox 1015 3467 1143 3549; x_wconf 88' lang='lat' dir='ltr'>denique</span> <span class='ocrx_word' id='word_1_363' title='bbox 1155 3468 1184 3526; x_wconf 90' lang='lat' dir='ltr'>in</span> <span class='ocrx_word' id='word_1_364' title='bbox 1195 3461 1228 3521; x_wconf 80' lang='lat' dir='ltr'>ht</span> 
     </span>
     <span class='ocr_line' id='line_1_39' title="bbox 121 3546 1264 3620; baseline 0.007 -15"><span class='ocrx_word' id='word_1_365' title='bbox 121 3547 255 3606; x_wconf 88' lang='lat' dir='ltr'>omnibus</span> <span class='ocrx_word' id='word_1_366' title='bbox 265 3546 310 3605; x_wconf 83' lang='lat' dir='ltr'>vel</span> <span class='ocrx_word' id='word_1_367' title='bbox 325 3547 425 3606; x_wconf 88' lang='lat' dir='ltr'>abesse</span> <span class='ocrx_word' id='word_1_368' title='bbox 440 3547 602 3620; x_wconf 90' lang='lat' dir='ltr'>elisionem,</span> <span class='ocrx_word' id='word_1_369' title='bbox 615 3547 669 3607; x_wconf 68' lang='lat' dir='ltr'>‘vel</span> <span class='ocrx_word' id='word_1_370' title='bbox 683 3550 799 3611; x_wconf 87' lang='lat' dir='ltr'>adesse:</span> <span class='ocrx_word' id='word_1_371' title='bbox 1097 3550 1100 3557; x_wconf 75' lang='grc'><strong>’</strong></span> <span class='ocrx_word' id='word_1_372' title='bbox 1260 3560 1264 3563; x_wconf 83' lang='grc'><strong>’</strong></span> 
     </span>
    </p>
   </div>
   <div class='ocr_carea' id='block_1_5' title="bbox 94 3664 803 3992">
    <p class='ocr_par' dir='ltr' id='par_1_7' title="bbox 94 3664 803 3915">
     <span class='ocr_line' id='line_1_40' title="bbox 200 3664 794 3751; baseline 0.008 -26"><span class='ocrx_word' id='word_1_373' title='bbox 200 3664 253 3737; x_wconf 65' lang='grc' dir='ltr'><strong><em>ὅκοι</em></strong></span> <span class='ocrx_word' id='word_1_374' title='bbox 262 3664 349 3749; x_wconf 56' lang='lat' dir='ltr'>&#39;rugis</span> <span class='ocrx_word' id='word_1_375' title='bbox 362 3670 494 3747; x_wconf 66' lang='grc' dir='ltr'><strong><em>νιεεθμῦνιι</em></strong></span> <span class='ocrx_word' id='word_1_376' title='bbox 511 3666 518 3751; x_wconf 93' lang='grc' dir='ltr'>Ι</span> <span class='ocrx_word' id='word_1_377' title='bbox 534 3673 580 3728; x_wconf 73' lang='lat' dir='ltr'>nal</span> <span class='ocrx_word' id='word_1_378' title='bbox 594 3669 682 3729; x_wconf 73' lang='lat' dir='ltr'>saissa</span> <span class='ocrx_word' id='word_1_379' title='bbox 697 3669 794 3737; x_wconf 70' lang='grc' dir='ltr'><strong><em>νιῦλοις.</em></strong></span> 
     </span>
     <span class='ocr_line' id='line_1_41' title="bbox 94 3749 803 3832; baseline 0.007 -25"><span class='ocrx_word' id='word_1_380' title='bbox 94 3756 99 3763; x_wconf 62' lang='grc'><strong>”</strong></span> <span class='ocrx_word' id='word_1_381' title='bbox 115 3806 122 3819; x_wconf 57' lang='grc'>,,</span> <span class='ocrx_word' id='word_1_382' title='bbox 203 3753 306 3808; x_wconf 64' lang='lat' dir='ltr'>molada</span> <span class='ocrx_word' id='word_1_383' title='bbox 320 3750 402 3821; x_wconf 76' lang='grc' dir='ltr'><strong><em>λε’γιιν</em></strong></span> <span class='ocrx_word' id='word_1_384' title='bbox 416 3751 546 3832; x_wconf 49' lang='grc' dir='ltr'>εὐξόμεθ’,</span> <span class='ocrx_word' id='word_1_385' title='bbox 563 3749 570 3832; x_wconf 91' lang='grc' dir='ltr'>Ι</span> <span class='ocrx_word' id='word_1_386' title='bbox 590 3749 653 3811; x_wconf 71' lang='grc' dir='ltr'><strong><em>ὅντε</em></strong></span> <span class='ocrx_word' id='word_1_387' title='bbox 665 3756 701 3830; x_wconf 72' lang='grc' dir='ltr'>μὲ</span> <span class='ocrx_word' id='word_1_388' title='bbox 713 3756 803 3812; x_wconf 63' lang='grc' dir='ltr'><strong><em>θανεῖν.</em></strong></span> 
     </span>
     <span class='ocr_line' id='line_1_42' title="bbox 112 3829 774 3915; baseline 0.021 -38"><span class='ocrx_word' id='word_1_389' title='bbox 112 3872 115 3877; x_wconf 94' lang='grc'><em>.</em></span> <span class='ocrx_word' id='word_1_390' title='bbox 202 3831 263 3893; x_wconf 73' lang='lat' dir='ltr'>auin</span> <span class='ocrx_word' id='word_1_391' title='bbox 276 3832 329 3910; x_wconf 70' lang='grc' dir='ltr'>γεὶς</span> <span class='ocrx_word' id='word_1_392' title='bbox 344 3829 430 3889; x_wconf 68' lang='lat' dir='ltr'>iil-sois</span> <span class='ocrx_word' id='word_1_393' title='bbox 444 3859 476 3890; x_wconf 90' lang='grc' dir='ltr'>νιν</span> <span class='ocrx_word' id='word_1_394' title='bbox 491 3831 497 3914; x_wconf 92' lang='grc' dir='ltr'>Ι</span> <span class='ocrx_word' id='word_1_395' title='bbox 517 3837 549 3897; x_wconf 78' lang='grc' dir='ltr'>εἰς</span> <span class='ocrx_word' id='word_1_396' title='bbox 564 3837 654 3915; x_wconf 69' lang='grc' dir='ltr'><strong><em>Τςοίοεν</em></strong></span> <span class='ocrx_word' id='word_1_397' title='bbox 666 3834 690 3895; x_wconf 78' lang='grc' dir='ltr'>τ’</span> <span class='ocrx_word' id='word_1_398' title='bbox 705 3834 774 3907; x_wconf 67' lang='lat' dir='ltr'>siper.</span> 
     </span>
    </p>

    <p class='ocr_par' dir='ltr' id='par_1_8' title="bbox 202 3909 714 3992">
     <span class='ocr_line' id='line_1_43' title="bbox 202 3909 714 3992; baseline 0.01 -25"><span class='ocrx_word' id='word_1_399' title='bbox 202 3909 299 3985; x_wconf 74' lang='grc' dir='ltr'><strong><em>τῖιμβον</em></strong></span> <span class='ocrx_word' id='word_1_400' title='bbox 313 3909 338 3969; x_wconf 74' lang='lat' dir='ltr'>di</span> <span class='ocrx_word' id='word_1_401' title='bbox 351 3913 485 3987; x_wconf 70' lang='grc' dir='ltr'>βουλοίμην</span> <span class='ocrx_word' id='word_1_402' title='bbox 495 3912 526 3972; x_wconf 69' lang='lat' dir='ltr'>sir</span> <span class='ocrx_word' id='word_1_403' title='bbox 544 3910 550 3992; x_wconf 92' lang='grc' dir='ltr'>Ι</span> <span class='ocrx_word' id='word_1_404' title='bbox 567 3916 714 3991; x_wconf 66' lang='grc' dir='ltr'><strong><em>ἀξιούμενον.</em></strong></span> 
     </span>
    </p>
   </div>
   <div class='ocr_carea' id='block_1_6' title="bbox 111 4069 799 4318">
    <p class='ocr_par' dir='ltr' id='par_1_9' title="bbox 111 4069 799 4318">
     <span class='ocr_line' id='line_1_44' title="bbox 204 4069 784 4149; baseline 0.022 -25"><span class='ocrx_word' id='word_1_405' title='bbox 204 4069 267 4126; x_wconf 73' lang='grc' dir='ltr'><strong>ἀλλ’</strong></span> <span class='ocrx_word' id='word_1_406' title='bbox 279 4070 326 4131; x_wconf 65' lang='lat' dir='ltr'>alr</span> <span class='ocrx_word' id='word_1_407' title='bbox 346 4075 398 4149; x_wconf 71' lang='grc' dir='ltr'>ἐμοὶ</span> <span class='ocrx_word' id='word_1_408' title='bbox 407 4078 486 4131; x_wconf 70' lang='lat' dir='ltr'>ulis</span> <span class='ocrx_word' id='word_1_409' title='bbox 496 4072 541 4133; x_wconf 63' lang='lat' dir='ltr'>vll</span> <span class='ocrx_word' id='word_1_410' title='bbox 591 4077 654 4134; x_wconf 74' lang='grc' dir='ltr'><strong><em>ἐστὶν</em></strong></span> <span class='ocrx_word' id='word_1_411' title='bbox 668 4076 725 4137; x_wconf 67' lang='grc' dir='ltr'>εἴτε</span> <span class='ocrx_word' id='word_1_412' title='bbox 739 4079 784 4137; x_wconf 76' lang='grc' dir='ltr'><strong><em>σοι’.</em></strong></span> 
     </span>
     <span class='ocr_line' id='line_1_45' title="bbox 111 4147 799 4238; baseline 0.017 -35"><span class='ocrx_word' id='word_1_413' title='bbox 111 4160 114 4167; x_wconf 95' lang='grc'><strong>’</strong></span> <span class='ocrx_word' id='word_1_414' title='bbox 205 4147 306 4208; x_wconf 69' lang='grc' dir='ltr'>ἄλλ’ἳν</span> <span class='ocrx_word' id='word_1_415' title='bbox 316 4152 392 4218; x_wconf 70' lang='grc' dir='ltr'><strong><em>πόλις</em></strong></span> <span class='ocrx_word' id='word_1_416' title='bbox 407 4161 504 4226; x_wconf 75' lang='grc' dir='ltr'><strong><em>στυγεῖ,</em></strong></span> <span class='ocrx_word' id='word_1_417' title='bbox 517 4156 548 4213; x_wconf 74' lang='grc' dir='ltr'>σὺ</span> <span class='ocrx_word' id='word_1_418' title='bbox 588 4160 697 4231; x_wconf 68' lang='grc' dir='ltr'><strong><em>τιμήσεις</em></strong></span> <span class='ocrx_word' id='word_1_419' title='bbox 712 4159 799 4238; x_wconf 71' lang='grc' dir='ltr'>νενιςὸν,Ι</span> 
     </span>
     <span class='ocr_line' id='line_1_46' title="bbox 111 4227 794 4318; baseline 0.018 -33"><span class='ocrx_word' id='word_1_420' title='bbox 111 4256 114 4260; x_wconf 96' lang='grc'><strong><em>·</em></strong></span> <span class='ocrx_word' id='word_1_421' title='bbox 203 4227 264 4288; x_wconf 71' lang='grc' dir='ltr'><strong><em>ἐ’τιιν</em></strong></span> <span class='ocrx_word' id='word_1_422' title='bbox 283 4233 336 4313; x_wconf 68' lang='grc' dir='ltr'>γεὶς</span> <span class='ocrx_word' id='word_1_423' title='bbox 350 4231 377 4295; x_wconf 73' lang='grc' dir='ltr'>εἶ</span> <span class='ocrx_word' id='word_1_424' title='bbox 391 4241 484 4318; x_wconf 56' lang='lat' dir='ltr'>pestiis,</span> <span class='ocrx_word' id='word_1_425' title='bbox 507 4236 562 4295; x_wconf 66' lang='lat' dir='ltr'>vit&#39;</span> <span class='ocrx_word' id='word_1_426' title='bbox 579 4234 585 4317; x_wconf 94' lang='grc' dir='ltr'>Ι</span> <span class='ocrx_word' id='word_1_427' title='bbox 603 4240 730 4310; x_wconf 64' lang='lat' dir='ltr'>riqis-saris</span> <span class='ocrx_word' id='word_1_428' title='bbox 744 4242 794 4317; x_wconf 70' lang='lat' dir='ltr'>nqis.</span> 
     </span>
    </p>
   </div>
   <div class='ocr_carea' id='block_1_7' title="bbox 112 3824 1269 4437">
    <p class='ocr_par' dir='ltr' id='par_1_10' title="bbox 112 3824 1269 4437">
     <span class='ocr_line' id='line_1_47' title="bbox 1249 3824 1254 3917; baseline 0 0"><span class='ocrx_word' id='word_1_429' title='bbox 1249 3824 1254 3917; x_wconf 77' lang='lat' dir='ltr'>l</span> 
     </span>
     <span class='ocr_line' id='line_1_48' title="bbox 205 3928 1269 4092; baseline 0.008 -45"><span class='ocrx_word' id='word_1_430' title='bbox 205 3989 257 4048; x_wconf 71' lang='grc' dir='ltr'>ἔτι)</span> <span class='ocrx_word' id='word_1_431' title='bbox 271 3994 354 4092; x_wconf 67' lang='grc' dir='ltr'>ποετΙς</span> <span class='ocrx_word' id='word_1_432' title='bbox 369 3988 439 4056; x_wconf 67' lang='grc' dir='ltr'><strong><em>οὗτος</em></strong></span> <span class='ocrx_word' id='word_1_433' title='bbox 453 3993 503 4062; x_wconf 62' lang='lat' dir='ltr'>riq,</span> <span class='ocrx_word' id='word_1_434' title='bbox 522 3991 527 4072; x_wconf 91' lang='grc' dir='ltr'>Ι</span> <span class='ocrx_word' id='word_1_435' title='bbox 540 3992 571 4092; x_wconf 52' lang='lat' dir='ltr'>:ir</span> <span class='ocrx_word' id='word_1_436' title='bbox 583 3996 675 4076; x_wconf 59' lang='lat' dir='ltr'>&amp;gassie</span> <span class='ocrx_word' id='word_1_437' title='bbox 688 3998 735 4055; x_wconf 77' lang='grc' dir='ltr'><strong><em>οἱοί.</em></strong></span> <span class='ocrx_word' id='word_1_438' title='bbox 1249 3928 1269 4083; x_wconf 66' lang='grc' dir='ltr'>Ιε</span> 
     </span>
     <span class='ocr_line' id='line_1_49' title="bbox 1251 4224 1257 4329; baseline 0 0"><span class='ocrx_word' id='word_1_439' title='bbox 1251 4224 1257 4329; x_wconf 80' lang='lat' dir='ltr'>l</span> 
     </span>
     <span class='ocr_line' id='line_1_50' title="bbox 112 4330 1269 4437; baseline 0.016 -29"><span class='ocrx_word' id='word_1_440' title='bbox 112 4330 158 4409; x_wconf 69' lang='lat' dir='ltr'>,In</span> <span class='ocrx_word' id='word_1_441' title='bbox 170 4349 215 4410; x_wconf 88' lang='lat' dir='ltr'>bis</span> <span class='ocrx_word' id='word_1_442' title='bbox 230 4365 346 4432; x_wconf 88' lang='lat' dir='ltr'>quoque</span> <span class='ocrx_word' id='word_1_443' title='bbox 359 4356 494 4436; x_wconf 89' lang='lat' dir='ltr'>primum,</span> <span class='ocrx_word' id='word_1_444' title='bbox 515 4355 597 4420; x_wconf 89' lang='lat' dir='ltr'>elisio</span> <span class='ocrx_word' id='word_1_445' title='bbox 608 4360 687 4421; x_wconf 87' lang='lat' dir='ltr'>facta</span> <span class='ocrx_word' id='word_1_446' title='bbox 696 4359 744 4434; x_wconf 88' lang='lat' dir='ltr'>sit,</span> <span class='ocrx_word' id='word_1_447' title='bbox 764 4381 801 4422; x_wconf 91' lang='lat' dir='ltr'>an</span> <span class='ocrx_word' id='word_1_448' title='bbox 815 4381 874 4423; x_wconf 90' lang='lat' dir='ltr'>non</span> <span class='ocrx_word' id='word_1_449' title='bbox 888 4364 1023 4437; x_wconf 85' lang='lat' dir='ltr'>sitfacta,</span> <span class='ocrx_word' id='word_1_450' title='bbox 1044 4362 1116 4424; x_wconf 88' lang='lat' dir='ltr'>nihil</span> <span class='ocrx_word' id='word_1_451' title='bbox 1126 4360 1232 4425; x_wconf 82' lang='lat' dir='ltr'>adrem</span> <span class='ocrx_word' id='word_1_452' title='bbox 1265 4371 1269 4426; x_wconf 78' lang='grc' dir='ltr'>ἐ</span> 
     </span>
    </p>
   </div>
   <div class='ocr_carea' id='block_1_8' title="bbox 0 0 1356 4866">
    <p class='ocr_par' dir='ltr' id='par_1_11' title="bbox 0 0 1356 4866">
     <span class='ocr_line' id='line_1_51' title="bbox 0 0 1356 4866; baseline 0 0"><span class='ocrx_word' id='word_1_453' title='bbox 0 0 1356 4866; x_wconf 95' lang='lat' dir='ltr'> </span> 
     </span>
    </p>
   </div>
  </div>
 </body>
</html>
