2694 4866
122 246 183 310 444
399 278 403 285 -
480 204 561 305 aia
582 242 861 319 mosam.

192 410 321 540 tirrltiurlrlaiut
330 426 426 542 m
440 411 546 486 Μία
555 422 681 490 tamne

293 503 327 540 ΙΙΙ

191 557 286 623 otium,
296 557 411 624 Catulle,
421 556 471 613 tibi
481 557 621 617 molestum
632 569 689 617 este

192 628 250 685 otio
260 628 387 695 uultui,
397 628 558 703 nimiumque
567 634 661 703 gentina

190 698 275 755 otium
284 710 312 755 et
323 716 396 771 reges
407 698 488 771 prius,
496 712 525 758 et
532 702 624 759 beatas

224 769 340 843 perdidit
351 773 436 828 urbes·

161 878 211 936 ll.
241 879 381 956 Apparet,
406 892 642 956 ostensamque
660 876 691 935 iu
710 886 814 956 quarta
832 875 943 957 syllaba
968 892 1008 939 ex
1034 878 1153 941 numeri
1174 876 1236 961 iege

120 956 184 1018 fieri
196 956 331 1027 debebat,
345 975 405 1016 non
419 956 573 1016 observari.
615 957 681 1017 Nec
694 976 764 1018 saue
784 957 814 1015 in
834 968 894 1018 tam
914 956 995 1018 h'revl
1014 976 1104 1021 verm
1122 978 1236 1041 mugno·

122 1056 193 1119 pere
219 1057 292 1118 opus
318 1048 363 1097 eat
390 1056 510 1110 casura,
536 1037 694 1117 prasertim
721 1038 848 1099 nunctis
873 1038 932 1100 leui
956 1040 1075 1101 theseos
1095 1052 1129 1103 et
1146 1060 1235 1103 m

119 1118 327 1199 conjunctione
340 1118 433 1180 nexis.
474 1117 621 1178 Praeterea
634 1119 754 1179 secundi
768 1120 889 1181 trochaei
902 1119 1034 1181 ultimam
1047 1120 1190 1202 sylloham
1206 1131 1236 1183 et

121 1202 240 1281 Sappho
253 1210 284 1259 et
297 1199 429 1263 Catullus
440 1199 596 1339 ancipitem
610 1218 674 1260 esse
687 1201 851 1275 voluerunt,
865 1220 961 1283 neque
980 1201 1043 1262 ulla
1061 1214 1167 1264 muna
1183 1212 1234 1277 ul,

119 1301 221 1363 quere,
234 1301 324 1361 quum
337 1300 473 1341 numerus
487 1281 496 1338 i
530 1281 613 1352 ferat,
627 1282 744 1362 longam
758 1300 828 1362 eam!
837 1300 900 1344 esse
912 1282 1022 1343 debere
1035 1292 1205 1345 natamus

162 1368 208 1426 lt.
230 1365 376 1424 Praeterea
395 1362 449 1421 nisi
463 1381 573 1435 omnes,
587 1375 667 1423 certe
680 1374 740 1423 tres
752 1363 838 1444 primi
850 1382 949 1424 versun
961 1365 993 1423 in
1007 1363 1126 1425 orech
1141 1382 1235 1427 exom-

118 1445 175 1525 plis
187 1463 247 1504 non
260 1454 328 1504 sunt
340 1442 418 1514 nexi,
433 1444 485 1502 sed
498 1443 609 1502 hiatum
621 1443 749 1505 admittit
762 1444 943 1526 conjunctior
963 1454 997 1505 ut
1017 1444 1049 1504 in
1067 1445 1166 1526 primo
1178 1463 1235 1507 car·

116 1524 197 1586 mine
212 1525 346 1605 Sapphus
358 1544 386 1586 v.
399 1529 449 1586 21.
462 1530 512 1586 22.
554 1526 683 1585 Tametsi
701 1525 882 1586 insecundo
905 1525 1035 1587 carmine
1057 1544 1088 1585 v.
1109 1531 1141 1589 9.
1159 1524 1232 1587 elisio

117 1607 243 1687 primum
256 1617 287 1665 et
298 1604 460 1666 secuudum
479 1624 593 1666 versum
615 1606 774 1668 connectit.
813 1607 945 1669 Tertium
965 1616 996 1667 et
1015 1616 1157 1687 quartum
1175 1624 1231 1668 rre-

115 1707 182 1748 aum
195 1686 371 1748 exstiterunt
382 1705 476 1766 nuper
488 1686 538 1765 qui
589 1699 724 1767 rpetuato
736 1706 858 1749 numero
868 1688 1017 1749 cohaerere
1026 1687 1230 1749 existimarent.

116 1769 159 1830 Et
171 1788 241 1831 saue
255 1768 376 1828 divisum
390 1767 465 1827 inter
478 1768 531 1826 hos
549 1706 622 1828 ἔξω
642 1789 741 1830 versus
760 1770 937 1831 vocabulum
1019 1769 1081 1849 pho
1102 1768 1232 1831 hahetia

114 1850 350 1993 griffinum?
363 1855 502 1993 scm
515 1848 606 1994 lssin
619 1850 789 1915 secundos.
803 1856 833 1914 8.
846 1861 878 1913 et
893 1856 942 1914 11.
1017 1849 1229 1914 ontimana

229 1951 309 1992 octar
347 1973 356 1990 .
459 1973 469 1992 .
503 1973 511 2001 ,
567 1972 575 1988 .

184 2049 282 2107 labitur
297 2048 434 2133 ripaJove
445 2064 500 2104 non
511 2049 649 2120 probante,
659 2066 689 2105 u·

255 2137 346 2177 xorrus
362 2136 454 2175 amum

186 2340 301 2399 Thrado
311 2338 459 2396 bacchante
469 2337 551 2411 made
562 2340 612 2397 sub
621 2338 704 2398 inter·

253 2410 327 2469 lunia
337 2420 427 2469 rento.

113 2517 157 2580 11.
172 2520 222 2590 16,
235 2516 265 2580 7.

183 2629 316 2704 Grospho,
326 2647 381 2686 non
391 2627 509 2703 gemmis,
520 2643 606 2702 neque
616 2642 785 2702 purpuran-
834 2584 844 2602 ἢ

254 2703 324 2771 nale,
333 2719 420 2776 neque
430 2718 503 2758 aruo.

111 2810 171 2873 111.
184 2813 234 2881 27,
248 2811 299 2872 26.

183 2923 328 3000 pendulum
339 2938 407 2977 zona
417 2922 486 2977 bene
496 2929 525 2979 te
535 2927 648 2992 sequma
657 2935 685 2976 c·

253 2994 337 3050 lidere
348 2992 456 3049 collum.
488 3058 491 3065 Ι

113 3098 169 3166 IV.
181 3106 211 3174 2,
225 3102 275 3160 28.

184 3233 280 3275 aureos
290 3212 381 3270 educit
392 3211 421 3267 in
432 3220 512 3279 asna,
522 3177 650 3284 uigrotprc
705 3170 708 3178 ¹

254 3287 356 3343 inridet
370 3283 453 3341 Orco.

113 3405 145 3456 et
158 3393 189 3453 in
202 3389 330 3452 carmine
342 3386 474 3448 saecului
486 3405 514 3446 v.
525 3385 592 3472 472

184 3508 308 3567 Romule
319 3504 392 3577 genti
403 3504 466 3560 date
476 3518 593 3574 remque,
604 3498 767 3573 prolemque,

255 3590 284 3636 et
295 3578 376 3634 denus
393 3593 481 3632 omne.

112 3687 151 3747 ln
172 3683 305 3764 Sapphus
325 3679 442 3761 quidem
461 3675 631 3757 fragmentis
650 3694 709 3736 non
729 3669 875 3734 invenitur
893 3669 1074 3754 exemplum,
1093 3690 1151 3753 quo
1169 3682 1213 3729 nm

112 3785 206 3828 nexos
219 3783 282 3825 esse
294 3761 348 3822 hos
368 3761 441 3824 duos
460 3778 560 3818 versus
579 3766 726 3837 appareat.
766 3753 925 3818 Horatium
943 3773 1014 3818 vero
1033 3774 1086 3818 aot
1105 3772 1156 3839 pro
1171 3762 1213 3812 nol

112 3846 198 3909 nexis
209 3843 355 3914 hahuisse,
368 3842 401 3901 hi
414 3840 472 3900 loci
485 3841 701 3900 demonstrante
722 3839 748 3901 l.
761 3842 790 3913 9,
803 3839 855 3903 47.
963 3892 966 3899 ,

183 3979 251 4018 neve
263 3970 293 4043 te
301 3957 401 4016 uostris
412 3956 482 4013 vitiis
489 3949 608 4029 iniquum

252 4048 326 4088 ocror
337 4046 409 4086 aura.

112 4141 163 4213 12,
176 4137 207 4201 7.

181 4249 254 4309 unde
264 4251 382 4307 vocalem
400 4260 500 4309 temere
514 4250 661 4324 insequuta

165 4326 170 4336 ”
253 4321 361 4394 Orphea
372 4321 452 4382 silvoe.
