2694 4866
163 306 223 367 282
477 348 480 353 .
508 300 590 365 ua
609 297 652 361 11.
673 297 768 361 csP.
788 290 946 362 XXXVII.

163 490 230 548 qua
249 469 408 549 descriptio
427 470 534 529 formas
554 466 685 530 continet
705 466 873 530 duodecim.
912 466 1034 528 Mutato
1051 474 1156 528 antem
1181 461 1278 546 dactyli

163 570 286 612 numero
306 550 459 612 varietates
472 560 540 610 sunt
553 549 613 616 brer
818 586 822 593 ·

245 728 311 748 -ν
347 728 414 748 -υ

243 799 391 830 WW

163 895 242 957 uude
254 897 356 957 formae
368 898 514 976 prodeunt
526 895 664 958 sedecim.
705 895 810 976 Itaque
831 896 890 956 duo
910 874 1069 977 detriginta
1089 894 1208 958 omnino
1221 902 1276 956 suut

161 979 263 1038 forma
283 979 397 1038 numeri
417 979 510 1038 Ionici
530 998 549 1037 a
567 983 686 1059 majore.
728 978 804 1038 Haec
830 989 913 1039 tanta
938 979 1097 1040 formarum
1124 976 1277 1041 varietmsi

161 1061 328 1200 promiscue
342 1060 475 1120 ommbus
494 1059 567 1119 locis
581 1071 700 1140 recepta
720 1070 806 1131 esset,
830 1058 872 1120 ita
895 1059 1034 1149 impedita
1055 1059 1135 1121 foret
1153 1077 1276 1121 nemunm

180 1142 330 1202 onicorum
345 1141 488 1216 recitatio,
502 1153 535 1200 ut
549 1141 665 1201 exuisse
678 1141 770 1220 magis
781 1141 814 1204 ¹hi
828 1161 927 1201 versus
940 1148 1104 1212 numerum,
1119 1160 1207 1221 quam
1219 1159 1278 1200 oon·

161 1241 277 1283 servare
290 1223 467 1284 viderentur.
509 1221 613 1303 Itaque
627 1222 681 1282 etsi
694 1223 831 1303 plurimas
851 1223 953 1282 harum
973 1223 1134 1282 formarum
1155 1221 1277 1282 admissas

161 1304 302 1374 videmus,
327 1315 425 1364 tamen
448 1303 566 1382 aliquod
590 1304 620 1363 in
644 1303 700 1364 hac
720 1323 753 1363 re
774 1315 1036 1384 temperamentum
1050 1303 1214 1364 adhibitum
1225 1313 1276 1363 ast:

162 1394 338 1525 qqqmquam
352 1385 424 1445 fines
437 1390 500 1463 ejus
513 1385 543 1444 in
557 1396 640 1446 tanta
651 1384 880 1465 fragmentorum
894 1386 1043 1464 paucitate
1057 1384 1223 1447 describere
1234 1380 1276 1444 dil·

159 1465 208 1527 fic'
221 1484 238 1526 e
252 1478 306 1526 est.

202 1552 233 1608 6.
255 1548 304 1607 Ab
319 1547 529 1627 Hephaestione
543 1547 602 1606 duo
623 1558 737 1608 tautum
757 1568 855 1609 versus
875 1549 1095 1610 commemorati
1115 1560 1196 1620 sunt,
1218 1558 1277 1628 qula

160 1627 279 1689 Ionicus
292 1647 311 1688 a
324 1633 434 1709 majore
454 1649 518 1689 csse
542 1647 601 1688 non
615 1629 736 1688 dubium
749 1629 797 1688 sit.
839 1632 1022 1712 Quamquam
1035 1630 1142 1692 tertius
1166 1626 1277 1691 haudd

156 1709 283 1770 ‘fortasse
303 1711 411 1791 poterit
432 1717 602 1770 tetrameter
616 1710 805 1783 acatalectus,
1137 1726 1140 1731 ·

49 1828 52 1839 Ι
137 1840 143 1847 ’
241 1843 307 1911 πᾶις
320 1842 473 1926 siguvimus
485 1846 755 1923 pamltputrtiiras,

157 1973 301 2053 siquidem
311 1974 360 2034 hic
370 1974 497 2036 sotadeo
507 1992 591 2034 versu
602 1992 754 2053 expressus
765 1975 802 2035 ab
818 1972 914 2034 Ennio
927 1985 982 2046 est,
996 1974 1035 2035 de
1048 1993 1111 2054 qno
1122 1975 1201 2037 infra
1211 1973 1274 2037 dcc

161 2067 220 2116 tur.
262 2055 293 2116 si
314 2068 360 2115 cst
372 2056 420 2114 hic
434 2074 534 2116 versus
548 2055 676 2127 lonicus,
690 2075 792 2115 vereor
805 2074 853 2130 ne,
869 2056 919 2135 qui
933 2075 1000 2116 eum
1014 2056 1190 2129 seclusus.
1202 2055 1275 2135 amip-

158 2137 242 2208 serit,
254 2137 308 2198 etsi
324 2137 497 2217 Heptastiq
504 2138 566 2211 boc
579 2137 716 2216 exemplo
727 2137 850 2216 primam
864 2139 982 2197 brevem
994 2137 1073 2198 trieri
1086 2139 1193 2201 voluit.
1228 2133 1275 2199 Sti

148 2219 286 2291 ‚duorum
300 2219 425 2291 illorum,
439 2230 512 2299 quos
522 2229 609 2278 certo
621 2218 738 2277 Ionicos
752 2237 816 2279 esse
828 2217 972 2291 dicebam,
985 2220 1098 2298 primus
1110 2224 1158 2281 est
1166 2220 1277 2280 dimeter

67 2362 129 2421 N
156 2301 348 2440 postulemus,
367 2301 417 2379 qui
438 2310 557 2360 vocatur
580 2310 625 2360 ast
644 2298 866 2371 Cleomacheua
888 2300 1107 2363 secundo-loco
1125 2303 1274 2364 Monam

178 2384 282 2444 mens:
337 2400 340 2407 ’
512 2438 516 2442 .
697 2382 700 2387 ’
754 2404 757 2409 ’
779 2404 781 2409 ·
1047 2416 1050 2421 -
1131 2414 1136 2419 -

156 2560 160 2589 ;
239 2517 278 2582 τίς
292 2518 333 2579 ris
348 2515 427 2597 ilgs'srr
441 2519 507 2592 ὑμῧν

240 2595 356 2672 ibimus-2
378 2598 426 2671 iyri
440 2599 526 2657 πίνων.

198 2727 228 2792 7.
250 2729 337 2791 Alter
350 2740 395 2789 est
408 2739 578 2791 tetrameter
591 2728 874 2809 brachycatalectus,
892 2747 999 2796 nomen
1012 2729 1124 2792 habeus
1138 2749 1158 2791 a
1172 2727 1271 2799 Sotadt.

160 2812 243 2888 cujus
258 2813 387 2870 carmina
399 2811 457 2874 boc
472 2820 565 2871 metro
578 2811 686 2892 scripta
698 2811 792 2873 fuere.
832 2810 1026 2871 Memorabile
1034 2823 1090 2885 est,
1105 2832 1142 2874 aa
1152 2812 1189 2874 ad
1198 2812 1273 2872 tolum

162 2891 363 2952 recitationem
384 2892 447 2951 sine
467 2891 665 2953 modulatione
685 2892 764 2952 facta
778 2893 851 2967 esse,
872 2905 905 2952 ut
919 2890 1271 2955 dautedocstaristidrr

158 2970 357 3055 Quintilianus
370 2993 400 3051 p.
416 2978 463 3035 32.
479 2977 572 3056 palpale
587 2972 611 3034 di
624 2975 685 3035 καθ’
698 2981 773 3036 airis
785 2975 840 3055 ptis,
862 2972 906 3036 iul
925 2973 1009 3050 ψιλῖἱς
1026 2979 1163 3057 imina*
1179 2969 1272 3056 prust

158 3053 265 3137 prindrai„
277 3056 297 3114 ir
310 3054 408 3129 asiaque·
427 3058 494 3132 μετὰ
509 3053 534 3115 li
547 3054 630 3129 λέξιως
642 3056 725 3133 pairac,
740 3059 780 3117 t’srl
793 3060 840 3117 rit
860 3054 1004 3135 ποιημάτων
1024 3060 1093 3134 patrol
1113 3054 1272 3137 trinepti&

158 3130 317 3218 irrugimus,
342 3135 388 3195 alos
408 3141 454 3196 ris
479 3134 598 3197 Σατᾶὶου
620 3142 667 3197 aul
685 3144 754 3199 ussit
773 3137 894 3199 sasaim.
935 3139 1002 3204 Quo
1023 3138 1116 3218 mugit
1137 3136 1271 3200 ridiculffl

159 3215 287 3287 videtur,
302 3219 380 3296 quod
396 3237 490 3297 nuper
505 3218 678 3296 quibusdam
692 3219 722 3276 in
736 3231 864 3279 mentem
877 3219 967 3290 venit,
981 3217 1084 3278 modos
1096 3212 1269 3281 tueamini

160 3299 216 3357 bus
239 3299 346 3358 facere.
389 3300 487 3378 Hujus
508 3319 607 3359 versus
623 3300 795 3380 compositio
810 3312 853 3372 nt,
878 3310 1019 3378 quantum
1031 3298 1095 3359 lieri
1108 3310 1214 3380 potest,
1230 3310 1270 3358 aar

160 3380 306 3460 planetur,
321 3380 467 3460 exempla,
483 3402 547 3460 quae
567 3382 673 3453 inveni,
694 3381 821 3442 afferam.
861 3384 909 3440 Ac
923 3381 1032 3461 primus
1046 3391 1269 3445 commemoretur

74 3534 81 3543 ..
158 3473 263 3522 auctor
275 3482 377 3542 parum
391 3463 524 3535 idoneus,
539 3464 698 3542 Dionysius
713 3463 976 3522 Halicarnassensis
996 3461 1115 3524 in'libro
1136 3464 1185 3526 ‹le‘
1194 3472 1270 3541 comp·

159 3546 240 3605 verb.
254 3563 282 3603 c.
294 3549 324 3604 4.
347 3544 417 3616 sira,
439 3544 488 3624 qui
503 3544 605 3604 eadem
619 3545 717 3618 habet,
740 3545 959 3624 Hermogenem
979 3543 1073 3617 malis,
1093 3566 1125 3626 p.
1148 3550 1196 3612 76.
1232 3544 1270 3605 st.

158 3643 220 3766 seq:
235 3625 281 3693 ed.
304 3624 391 3707 Ald.)
415 3626 464 3705 qui
479 3626 552 3685 duos
572 3626 696 3686 Homeri
709 3646 809 3687 versus
823 3625 907 3688 Iliad.
921 3653 942 3687 s.
960 3625 1031 3689 392.
1044 3626 1089 3688 sic
1102 3628 1135 3687 iu
1149 3628 1189 3689 Su

159 3726 191 3768 re
213 3719 311 3787 agunt:
986 3760 989 3765 .

239 3840 270 3905 ἇς
284 3842 296 3897 o‘
311 3837 404 3940 arpo'ui’
417 3839 499 3898 ilvam
509 3845 554 3902 sal
565 3839 652 3924 lr'dlgov
666 3847 732 3902 arius
744 3841 887 3913 raruu9tt‘r,

238 3923 403 3999 αἱματοεσσης
417 3921 492 4005 tto'tsor
506 3919 665 4005 luipaypcitsr
677 3923 820 4006 ssrsspvxriq·
923 3932 929 3941 ’

160 4055 221 4116 Sed
240 4056 285 4115 his
299 4056 416 4137 quidem
427 4057 578 4136 exemplis,
600 4078 724 4137 quornm
737 4059 767 4118 in
782 4057 943 4139 posteriore
956 4058 1032 4127 siras.
1045 4059 1161 4120 duabus
1173 4047 1268 4136 quali

159 4138 410 4217 pronunciandum
423 4140 510 4210 foret,
526 4158 612 4198 nemo
633 4140 790 4219 quidquam
811 4140 929 4200 tribuet.
971 4139 1151 4202 Scholiastcs
1165 4139 1268 4199 Hermo·

158 4219 242 4298 genis
252 4240 280 4298 p.
296 4225 364 4281 394.
376 4232 408 4280 ut
422 4220 594 4281 novissimus
604 4221 740 4301 Dionysii
754 4222 861 4296 editor,
875 4221 1024 4297 Gdllerus,
1037 4221 1196 4296 mactarit,
1208 4213 1268 4301 pti&

159 4320 220 4362 rem
240 4320 355 4363 versum
369 4303 410 4363 ita
424 4304 565 4383 scriptum
580 4301 678 4375 habet,
1160 4354 1165 4363 .

718 4411 729 4454 1
