2694 4866
176 300 235 357 4³4
561 290 925 360 trabeculam.
977 298 980 303 ’
1010 298 1016 305 ’
1058 302 1062 309 ’

179 482 279 522 versus
292 462 424 539 longior:
444 475 474 521 et
498 464 538 522 ita
561 466 695 543 profecto
718 469 825 527 sentire
845 465 960 524 videtur
983 463 1164 525 Boeclrlrius.
1208 461 1304 523 Sedu

179 545 238 602 hoc
262 563 378 621 quoque
401 546 605 616 concedamus,
629 548 698 626 quid
719 553 778 628 jam
798 547 924 625 strophis
937 546 1010 606 liet?
1052 546 1130 605 Nam
1147 563 1240 623 quum
1253 563 1303 602 non

179 645 281 703 pauca·
303 626 483 701 reperiantur
496 629 631 706 stroplrae,
653 649 718 707 quae
733 649 792 688 uno
803 640 961 708 systemate
971 638 1119 698 conment,
1141 625 1199 685 luas
1211 625 1305 687 nihils

178 707 310 764 versibus
330 706 444 766 differre
467 707 617 767 fatendum
642 711 707 769 erit.
748 711 807 769 Sed
828 709 883 767 bac
897 728 1013 787 quoque
1034 708 1064 766 in
1078 727 1110 766 re
1124 706 1185 766 sibi
1198 717 1305 766 somna
1340 740 1342 779 ς

180 785 358 847 Boecldrius.
402 788 477 847 Nam
492 789 542 848 lib.
568 790 625 850 lll.
649 811 713 870 cap.
734 797 764 852 5.
784 790 931 869 stropham
952 800 1003 848 aut
1023 805 1062 848 ex
1078 808 1140 847 uno
1153 799 1304 867 systenusts
1339 832 1342 847 .

179 869 241 927 lieri
255 870 306 934 ait,
328 890 386 946 quo
400 870 478 929 sueto
499 890 563 929 eam
577 890 595 929 a
608 892 692 931 versu
707 892 766 931 nou
786 873 950 951 discrepare
970 871 1024 929 uisi
1042 869 1242 948 longitudine,
1260 880 1305 928 sut
1339 862 1342 905 Ι

179 970 217 1008 ex
240 951 368 1008 versibus
389 952 474 1010 variis
494 953 570 1012 inter
590 972 621 1012 se
640 954 771 1031 perfecte
784 952 935 1033 disjunctis
951 950 1048 1011 condi.
1092 954 1173 1009 Sunt
1186 951 1260 1021 brec,
1277 960 1305 1008 ut

179 1044 310 1109 apparet,
332 1042 362 1089 et
382 1033 527 1093 subtiliter
540 1033 695 1112 disputata,
716 1046 747 1095 et
759 1033 958 1113 probabiliter.
999 1033 1215 1092 Verumtamen
1228 1031 1304 1090 relin-

180 1113 280 1191 quitur
293 1113 322 1171 in
337 1113 381 1171 his
396 1114 620 1185 definitionibus,
642 1115 721 1194 quod
741 1116 847 1175 merito
867 1115 1027 1193 displiceat.
1072 1117 1153 1174 Nam
1177 1113 1203 1171 si
1222 1124 1304 1191 systo-

179 1208 259 1253 mata
272 1196 428 1254 ovensibus
442 1197 504 1255 sola
516 1197 698 1275 longitudine
708 1196 855 1268 differunt,
877 1215 963 1275 quem
978 1194 1138 1256 terminum
1153 1195 1303 1255 constitue·

179 1295 254 1346 mus,
276 1275 352 1333 intra
365 1296 451 1355 quem
473 1297 572 1337 versus
592 1279 796 1358 appellatione,
815 1279 891 1338 ultra
909 1297 997 1356 quem
1021 1287 1121 1336 autem
1147 1273 1303 1356 systematis

178 1357 296 1416 nomine
311 1361 451 1416 utendum
465 1359 524 1418 sit?
566 1360 706 1440 Strophas
720 1379 788 1419 vero
802 1379 861 1432 eas,
887 1377 951 1438 quae
972 1377 1031 1416 uno
1054 1368 1220 1437 systemate
1242 1375 1303 1416 ouu-

178 1451 270 1508 staut,
292 1457 346 1497 cur
369 1439 488 1498 omnino
508 1441 641 1519 strophas
665 1443 841 1514 vocabimus,
862 1460 961 1519 quum,
983 1459 1042 1517 quo
1066 1459 1086 1498 a
1109 1439 1242 1499 versibus
1264 1436 1303 1497 rel

178 1520 343 1612 systematis
356 1520 531 1600 discrepent,
552 1542 611 1580 nou
625 1523 801 1582 habeamus?
843 1524 918 1583 Nam
932 1520 1061 1599 strophae
1075 1519 1198 1600 quidem
1212 1517 1302 1579 defini·

178 1611 230 1671 tro,
253 1619 339 1680 quam
353 1602 450 1681 posuit
462 1602 637 1676 Boeclrhius,
658 1624 747 1682 quum
761 1623 870 1674 versus,
891 1623 929 1663 ex
951 1602 1056 1680 quibus
1071 1613 1203 1673 constet,
1227 1616 1302 1660 uuam

138 1704 149 1715 ,
178 1701 350 1761 compagem
361 1683 475 1743 efficere
489 1684 573 1757 dixit,
592 1697 644 1744 aut
658 1685 699 1744 its
712 1686 848 1764 ambigua
861 1696 916 1756 est,
931 1695 963 1742 ut
977 1683 1065 1743 etiem
1080 1682 1109 1740 in
1123 1701 1226 1742 versus
1236 1681 1301 1760 ipsos

178 1762 312 1841 quadret,
334 1777 385 1824 aut
409 1766 450 1825 ita
471 1766 618 1840 distincta,
640 1778 683 1838 ut,
708 1769 732 1825 si
754 1767 854 1846 plures
874 1783 983 1835 versus,
1007 1763 1129 1842 plurave
1155 1773 1301 1842 systemata

177 1845 325 1926 stropham
347 1847 462 1907 efficere
476 1847 595 1922 debent,
618 1849 667 1908 uni
680 1847 830 1928 systemati
843 1846 889 1909 vel
903 1846 998 1907 versui
1011 1863 1072 1904 nou
1087 1844 1245 1905 conveniat
1256 1861 1300 1903 no·

178 1947 246 1986 men
260 1929 398 2006 stropha.
568 1973 571 1980 -

218 2015 246 2070 ἲ.
271 2009 334 2068 Has
356 2010 552 2071 dubitationes
574 2031 674 2072 omnes
698 2032 755 2092 ego
776 2033 813 2073 ex
829 2011 966 2090 ambigua
978 2027 1079 2070 versus
1093 2007 1217 2069 notione
1230 2018 1298 2068 ortu

177 2100 265 2168 puto:
286 2091 364 2169 quod
387 2111 494 2151 nomen
519 2114 608 2172 quum
623 2114 682 2152 non
697 2113 755 2153 una
769 2093 980 2172 significatione
994 2104 1164 2170 usurpetur,
1189 2087 1298 2169 singulis

176 2171 390 2231 diversitatibus
412 2185 493 2233 recte
514 2175 680 2234 constitutis
701 2188 789 2254 atque
804 2174 948 2234 distinctis
962 2173 1074 2251 reliqua
1087 2184 1195 2251 sponte
1209 2187 1300 2231 conse

176 2263 313 2330 queutur.
345 2254 422 2313 Satis
435 2266 560 2325 constat,
576 2257 694 2316 nomina
707 2261 795 2336 στίχος
809 2268 840 2317 et
852 2277 948 2318 uerum
962 2274 1015 2332 pro
1037 2254 1080 2312 rie
1094 2253 1124 2311 id
1135 2252 1300 2333 significare,

176 2333 256 2412 quod
278 2335 418 2394 Germani
438 2336 508 2396 zeile
528 2337 661 2410 dicimus,
683 2339 702 2399 i.
719 2358 745 2397 e.
759 2356 804 2408 ea,
824 2357 890 2416 qum
904 2356 962 2395 una
975 2337 1005 2393 in
1017 2274 1097 2394 linea
1110 2336 1300 2415 scriptasunt

177 2418 254 2481 Qum
277 2416 358 2475 notio
394 2437 482 2495 quum
508 2439 546 2478 ex
574 2419 765 2479 usitatissimis
793 2419 932 2478 librorum
960 2416 1188 2495 tabularumque
1213 2413 1301 2474 tomis

176 2495 280 2556 hausta
294 2499 341 2567 sit,
362 2500 591 2576 magnitudinem
607 2501 744 2559 orationis
753 2512 855 2559 notare
869 2499 959 2577 coepit
973 2517 1048 2568 eam,
1063 2516 1130 2576 quae
1142 2497 1206 2556 fere
1217 2494 1299 2556 unuin

163 2576 254 2636 'linea
267 2580 353 2637 scribi
368 2593 477 2656 potest:
498 2602 564 2660 quae
578 2583 714 2660 quoniam
735 2581 800 2641 talis
823 2601 886 2640 esse
908 2575 1003 2649 solet,
1016 2592 1047 2637 ut
1070 2578 1228 2638 commode
1249 2595 1299 2635 uno

176 2658 279 2737 spiritu
293 2661 415 2739 proferri
429 2662 528 2741 possit,
550 2682 654 2722 nomen
669 2664 737 2734 hoc,
759 2662 796 2722 ad
810 2681 945 2721 numeros
960 2660 1143 2728 translatum,
1167 2658 1298 2740 siguificat

176 2759 356 2813 numanum,
373 2759 430 2806 aur
444 2763 548 2802 runnu
563 2764 662 2805 unlus
678 2762 828 2805 seramus
843 2760 1076 2802 nnsncnronsru
1090 2755 1301 2800 counrurrua.

179 2822 238 2880 Sed
252 2823 316 2881 haec
330 2824 470 2894 definitio,
496 2845 561 2904 quae
581 2827 793 2892 tantummodo,
817 2825 887 2903 quid
909 2844 970 2883 non
993 2824 1031 2881 sit
1054 2841 1169 2894 versus,
1193 2822 1299 2889 indicat,

176 2903 247 2960 nihil
263 2905 394 2962 utilitatis
408 2905 535 2975 habebit,
556 2907 610 2964 nisi
625 2928 670 2966 res
685 2907 857 2967 certioribus
871 2906 976 2965 linibus
989 2905 1255 2965 circumscribatur.

220 2989 247 3043 3.
274 2984 348 3042 Nam
374 2986 490 3064 spiritus
512 2999 545 3045 ut
566 3007 619 3065 pro
639 2989 763 3048 termino
778 3008 841 3048 esse
854 2989 955 3068 possit,
977 2987 1053 3044 intra
1067 3005 1157 3065 quern
1173 2985 1298 3046 conuscat

178 3084 286 3136 uersus,
310 3077 408 3125 tamen
423 3066 459 3124 ad
474 3081 606 3127 naturam
621 3084 720 3128 versus
744 3068 937 3128 definiendam
962 3067 1082 3126 minime
1108 3069 1231 3137 idoneus
1251 3074 1296 3133 est,

178 3165 264 3226 quam
289 3147 318 3205 in
344 3169 379 3207 eo
405 3168 524 3208 necesse
549 3162 592 3208 est
613 3150 736 3229 positam
756 3171 829 3219 esse,
852 3162 884 3209 ut
898 3167 1045 3217 numerus,
1068 3149 1120 3228 qui
1134 3169 1196 3209 uno
1209 3145 1297 3227 spiritu

176 3229 298 3306 proferri
314 3243 420 3309 potest,
435 3233 521 3290 etiarn
534 3251 586 3310 per
600 3252 630 3290 se
642 3245 736 3291 toturn
751 3232 897 3312 quoddam
911 3243 999 3310 atque
1012 3230 1181 3289 absolutum
1195 3227 1295 3290 efficiat.

172 3310 223 3368 'Fit
238 3312 294 3370 boc
308 3325 406 3371 autem
421 3314 524 3392 partim
539 3315 745 3392 perpetuitate,
763 3333 821 3392 qua
834 3325 932 3393 partes
944 3311 1058 3371 numeri
1074 3311 1198 3372 interae
1215 3310 1295 3370 eolre·

176 3405 270 3465 reant,
295 3395 399 3472 partim
414 3395 603 3473 perfectione,
624 3416 688 3474 quae
702 3395 796 3475 posita
809 3407 855 3454 cst
868 3394 897 3452 in
913 3415 959 3466 eo,
979 3404 1010 3452 ut
1025 3412 1081 3472 pro
1095 3405 1202 3453 natura
1214 3395 1296 3470 cujus·

175 3493 233 3551 que
248 3475 360 3534 numeri
375 3496 431 3536 nec
446 3477 548 3536 deesse
562 3477 729 3556 quidquam,
752 3495 848 3555 neque
859 3474 1022 3534 redundare
1032 3474 1178 3535 videatur.
1207 3477 1294 3550 Itaque

171 3557 232 3632 jam
259 3575 382 3616 vsasus
408 3559 463 3617 erit
488 3577 641 3618 annaeus
664 3577 749 3620 uuus
772 3576 812 3618 nn
835 3574 988 3629 raesens,
1010 3573 1069 3620 eur
1093 3575 1162 3617 uuo
1177 3566 1294 3615 serrum

176 3653 407 3698 anonuucranr
423 3658 556 3701 aornar.

216 3723 246 3776 4.
270 3719 322 3778 llle
336 3723 364 3777 in
380 3720 435 3779 hac
450 3741 482 3780 re
496 3741 618 3800 magnus
632 3742 713 3782 error
725 3721 812 3795 foret,
835 3721 858 3780 si
873 3721 937 3800 quis
950 3738 1068 3800 pausam
1083 3719 1131 3780 vel
1152 3717 1290 3783 silentium,

174 3799 255 3876 quod
269 3800 301 3857 fit
317 3802 344 3858 in
359 3801 417 3860 tine
432 3805 622 3881 quorumdam
638 3822 834 3873 numerorum,
859 3805 889 3860 in
913 3802 1083 3862 definitione
1106 3820 1206 3860 versus
1225 3815 1290 3858 oom-

175 3882 396 3940 memorandum
419 3895 544 3962 putaret.
588 3887 662 3944 Nam
688 3884 767 3963 quod
787 3895 873 3944 extra
894 3902 1045 3943 numerum
1060 3893 1117 3956 est,
1138 3886 1290 3961 nonpotetl

174 3978 242 4038 pars
253 3982 315 4022 esse
326 3965 447 4024 numeri.
477 3965 535 4024 Sed
546 3967 600 4025 etsi
615 3967 651 4025 ad
666 3966 862 4025 definitionem
879 3985 977 4025 versus
990 3983 1049 4022 non
1063 3963 1195 4042 pertinet
1207 3974 1289 4041 peut&

176 4056 275 4098 tumen
308 4045 346 4102 ad
372 4046 564 4106 differentiam
592 4048 746 4125 quamdam
774 4067 909 4108 versuum
938 4045 1174 4106 constituendam
1199 4034 1289 4126 aliquid

178 4121 302 4181 confert.
341 4124 416 4184 Nam
438 4127 461 4186 si
476 4127 723 4187 consociationem
746 4130 872 4208 plurium
898 4146 1034 4188 versuum
1061 4130 1235 4207 spectamus,
1253 4117 1289 4177 all

177 4221 276 4263 versus
292 4224 368 4265 nsxr
383 4223 459 4280 sunt,
476 4210 524 4269 alii
540 4229 604 4271 nou
619 4228 708 4282 next,
734 4211 782 4271 alii
798 4229 967 4272 ssurnexr.
1009 4202 1096 4272 Nsxr
1111 4226 1209 4269 versus
1227 4208 1290 4270 suni»

739 4405 749 4449 1
