2694 4866
182 328 244 389 tte
587 324 665 385 LIB.
681 323 738 384 111.
759 322 854 386 cAP.
866 318 909 382 Π.

184 492 231 552 vel
244 490 392 551 breviores
404 489 449 549 vei
464 491 609 568 longiores
623 512 686 552 esee
707 492 828 561 soleant,
853 509 912 549 non
932 486 1019 547 modo
1036 486 1124 547 focile
1143 480 1299 549 aberrant

185 591 254 633 vera
267 572 459 650 descriptione
473 585 577 651 potest,
599 573 650 633 sed
664 594 740 652 saepe
754 573 840 632 etiem
855 572 940 651 plane
954 568 1122 647 ambiguum
1136 582 1245 640 manet,
1263 567 1298 629 tie
1341 568 1343 639 j

184 671 223 714 en
236 653 320 712 aliter
333 654 484 714 dirimendi
501 656 557 714 sint
572 674 680 716 versus.
722 654 880 712 Plurimum
894 661 992 711 nutem
1012 648 1041 707 in
1054 648 1113 709 bac
1133 668 1168 708 re
1181 651 1298 728 proteu
1341 658 1343 671 '

185 734 318 811 cognitas
331 734 438 794 habere
459 754 507 794 eae
520 737 637 806 formae,
662 754 726 814 quae
739 746 844 813 praeter
858 733 931 804 illos,
954 730 1003 812 qui
1023 750 1091 790 rere
1113 730 1259 809 Glyconei
1274 740 1299 791 et

186 815 372 876 Pherecratei
387 830 464 887 suut,
480 818 508 874 in
524 837 577 875 usu
590 817 682 876 fuere.
715 816 822 876 Earum
834 814 896 874 atiae
906 813 1064 883 breviores,
1079 811 1144 870 alite
1155 812 1299 891 longiores,

187 897 252 957 alite
266 917 303 956 ex
313 897 402 956 ‘variis
414 898 513 956 formis
527 899 626 957 mixtae
639 909 715 957 eunt.
758 898 875 975 Regnat
889 897 917 953 in
932 894 965 953 iie
979 893 1175 962 choriambus,
1195 904 1300 973 preter·

187 996 274 1057 quam
286 978 314 1034 in
324 979 372 1036 illo
381 999 498 1056 genere,
513 979 550 1038 de
561 999 619 1057 quo
630 999 720 1056 segm.
731 983 781 1040 47.
792 978 915 1047 dicetur,
928 975 1005 1055 quod
1015 974 1188 1033 debiliorem
1198 975 1299 1052 pedem,

190 1059 352 1131 Creticum,
367 1059 464 1130 habet,
479 1061 531 1119 etsi
547 1061 658 1119 caeteris
670 1061 698 1117 in
710 1060 795 1118 rebus
804 1059 971 1139 Glyconeoo
981 1055 1121 1135 sequitur.
1145 1054 1300 1116 choriambi

188 1152 285 1200 autern
301 1160 367 1200 curn
388 1140 444 1200 alio
465 1141 605 1220 disyllabo
627 1142 701 1220 pede
723 1145 890 1220 conjunctio
910 1136 981 1197 illud
1002 1149 1055 1205 est,
1078 1138 1191 1217 inquo
1210 1150 1301 1197 nature

187 1222 282 1302 posite
296 1235 340 1281 est
360 1242 494 1280 versuum
519 1223 638 1281 istorum
664 1223 801 1282 omnium.
842 1223 936 1287 Quum
960 1218 983 1278 si
1007 1220 1046 1277 ad
1067 1218 1150 1297 leges
1175 1218 1300 1298 quasdem

185 1322 324 1362 revocare
351 1303 492 1373 volumus,
527 1323 570 1361 eae
598 1303 641 1362 hie
667 1302 913 1362 observationibus
936 1299 1135 1362 eontinentur.
1188 1304 1242 1363 Pu
1260 1298 1300 1359 itte

185 1383 343 1462 disyllabus
357 1403 436 1443 nunc
449 1384 580 1463 sequitur
594 1385 804 1459 choriambum,
818 1384 987 1463 iambusque
1000 1393 1054 1458 eet,

268 1514 310 1576 L
319 1548 343 1580 υ
353 1550 376 1580 υ
387 1565 428 1576 -
440 1514 445 1597 Ι
462 1544 480 1579 v
489 1516 531 1577 .‘.

187 1666 267 1709 nunc
280 1648 419 1727 praecedit
433 1668 511 1721 eum,
526 1658 556 1708 et
570 1659 613 1709 ert
623 1648 710 1722 basis,

268 1783 294 1845 .‘.
308 1784 333 1845 .‘.
349 1785 355 1869 Ι
369 1785 409 1846 L
418 1818 442 1850 υ
452 1730 525 1850 υ..’

189 1913 248 1974 Ηεε
261 1915 361 1979 formae
375 1916 450 1975 inter
461 1936 492 1974 ee
502 1925 719 1993 permutantur:
734 1932 880 1991 quumque
890 1911 1006 1990 longius
1016 1870 1190 1971 eitenditur
1199 1909 1301 1970 ultimis

187 1996 269 2066 ordo,
285 1996 424 2075 quidquid
438 1997 591 2067 redundat,
606 2014 673 2055 eum
684 2014 719 2054 eo
730 1993 841 2066 ordine,
856 1994 905 2073 qui
916 1993 1079 2072 utrequein
1088 1993 1184 2054 formu
1197 1990 1299 2053 intime

187 2089 242 2148 eet,
258 2079 394 2147 cobaeret,
409 2078 498 2137 veluti
512 2097 602 2157 quum
615 2076 704 2138 thesis
720 2075 922 2156 monosyllabo
935 2074 1071 2135 additur:

269 2210 564 2295 Leo-tete

279 2326 288 2350 Ι
319 2327 327 2349 Ι
387 2326 395 2350 t

270 2328 560 2410 ιοσοΙ-υυ-..υ

190 2456 250 2521 Ubi
264 2469 360 2517 autern
375 2459 411 2517 eb
425 2458 507 2518 initio
520 2458 628 2536 aliquid
642 2458 680 2517 od
693 2458 745 2517 has
758 2458 864 2517 formas
876 2457 1002 2529 aceedit,
1017 2457 1085 2517 idei
1098 2458 1246 2521 enoemeit
1257 2466 1300 2527 ett,

189 2537 261 2599 facit
275 2559 320 2612 ea,
334 2549 367 2598 ut
382 2540 412 2596 in
425 2541 554 2599 secunda
566 2541 659 2600 forma
673 2541 748 2600 basis
761 2541 790 2598 in
805 2540 965 2600 trochaeum
978 2550 1129 2605 muteturr

269 2674 553 2757 v-uv-{vss

312 2789 320 2814 t
416 2791 423 2813 t

270 2791 555 2872 ῦ-ῦΙ-υυ..

194 2919 244 2979 Sin
258 2932 302 2978 est
317 2941 368 2998 pes
382 2920 548 2999 disyllabus,
563 2923 596 2983 fit
610 2923 658 2982 ille
672 2924 701 2981 in
712 2935 835 3002 utroque
845 2922 1030 2994 formabesis,
1043 2921 1074 2980 in
1085 2923 1300 2984 secunduform

193 3018 230 3057 eo
241 3000 326 3077 pede,
341 3002 389 3079 qui
404 3016 489 3060 antea
503 3004 578 3062 basis
593 3014 665 3078 erat,
680 3006 710 3062 in
725 3007 884 3065 trochaeum
899 3015 1021 3078 mutato,
1043 3023 1137 3085 eaque
1152 3007 1254 3066 usitato
1265 3013 1299 3063 ott

194 3080 411 3159 Glyconeorum
427 3084 538 3144 forma:

281 3219 321 3246 ΙΙ
377 3214 385 3239 ¹
595 3215 604 3240 Ι

272 3216 620 3301 ...ΙΙ-υυ-Ιῦ-

282 3335 323 3362 ΙΙ
379 3331 387 3355 ¹
482 3332 490 3357 Ι

274 3332 624 3417 ..ΙΟΙ-ῦΙι-υυ-

191 3469 280 3610 ῼυῐοᾱ
293 3470 320 3607 sb
330 3469 379 3529 hie
394 3490 509 3550 quoque
523 3473 560 3532 ab
575 3472 657 3531 initio
671 3471 780 3551 aliquid
793 3472 918 3546 additur,
933 3471 1090 3552 utrobique
1100 3474 1179 3535 basis
1188 3482 1299 3534 mutatur

192 3568 222 3607 rn
250 3569 300 3610 roc
321 3571 411 3610 aeum:

271 3681 662 3767 vssvlss'w-{vss

271 3797 469 3880 vssvlssv
484 3800 489 3882 Ι
504 3798 661 3865 Lim...

196 3928 254 3989 Sed
267 3928 380 4010 integer
395 3931 538 3991 Bacchius
551 3934 575 3991 si
590 3932 783 4012 premittitur,
798 3943 895 3994 manet
908 3932 1001 3994 basis:

272 4063 397 4125 υ.’.-
413 4065 418 4147 Ι
434 4070 483 4128 .’..’.
499 4066 504 4146 Ι
521 4064 775 4146 ζυυ-Ισζ

274 4177 485 4265 υ-ἶ--Ιᾶἆ
502 4181 609 4264 {Lol
625 4179 781 4247 Lem..
