2694 4866
114 305 176 375 260
464 304 544 369 LIB.
567 309 609 371 11.
630 305 723 372 CAP.
742 302 889 409 xxxpt

114 477 196 556 Lips.
209 485 239 535 et
252 474 299 537 ed.
314 477 401 557 Carp.
422 488 452 538 et
471 477 580 538 habent
599 498 787 560 quercumque.
828 480 866 541 V.
889 483 938 541 60.
960 480 1004 540 ita
1021 479 1104 541 bunc
1123 495 1229 544 versum

113 558 254 618 exhibent
274 557 340 617 libri
353 570 465 619 veteres
478 561 533 619 nisi
546 561 626 639 quod
639 579 697 619 non
712 561 907 621 habentlrerrr.
946 554 1227 634 watinensisfl,
1258 578 1264 589 ‘

113 638 181 699 hess
194 638 310 720 dignior
304 641 547 782 &qaisquam
570 652 600 701 et
613 641 695 702 credo
709 662 763 721 pro
775 643 895 720 vulgato
908 663 985 725 ergo.
1025 643 1064 701 V.
1077 650 1130 707 64.
1148 645 1227 726 infert

113 739 168 800 pro
182 721 289 800 afferat
351 720 431 782 '‘ur.
473 725 509 783 V.
524 727 574 783 58.
595 723 660 782 libri
680 736 793 785 veteres
813 723 867 784 lrsr
880 723 969 785 duali
981 724 1046 788 lure
1059 739 1161 807 porro.
1181 725 1228 784 Erl

114 803 204 881 Carp.
214 813 307 896 porto.
349 802 450 866 V.64.
471 814 546 866 erte
560 804 629 863 MS.
644 803 725 884 Lips.
750 818 781 865 et
799 805 846 864 ed.
871 806 959 886 Carp.
1000 805 1100 886 Vulgo
1119 827 1154 867 aa
1172 816 1227 877 tete,

114 903 174 943 uon
188 904 283 944 minus
296 885 374 944 salvo
387 905 481 944 versu.
520 883 554 946 V.
568 889 617 946 66.
633 886 719 965 vulgo
727 886 903 968 polliriteris.
937 887 1006 948 MS.
1021 885 1228 971 Decumpollt'·

112 963 212 1027 citare.
253 967 290 1026 ln
302 967 360 1026 fine
373 965 494 1027 fortasse
507 966 663 1046 scripserat
682 972 777 1048 poeta,
798 968 931 1028 radiata
944 969 1024 1038 istac,
1047 969 1159 1030 mter.
1197 969 1227 1027 V.

113 1051 165 1112 67.
186 1048 273 1127 vulgo
296 1048 361 1109 nisi.
407 1049 444 1109 V.
468 1053 517 1110 68.
536 1047 686 1130 porcellom
711 1050 838 1109 Reiaius.
879 1050 915 1109 V.
937 1053 987 1114 70.
1012 1050 1160 1130 duplicari
1176 1051 1228 1111 lrea

115 1129 237 1189 Nomine
248 1141 431 1190 contractum
442 1141 487 1189 est
497 1131 527 1187 in
538 1131 607 1191 duas
617 1129 758 1208 syllabast
778 1131 845 1191 vide
855 1129 1019 1192 Bentleium
1032 1130 1151 1192 arlTer.
1161 1132 1229 1192 Her.

27 1262 35 1275 ,
113 1207 262 1282 111.1,1.
283 1211 899 1289 sumnus.7.-V.71.itac0d.Lips.
941 1213 1038 1293 Vulgo
1052 1212 1230 1274 sarama-

112 1291 257 1352 citiarum.
299 1293 336 1352 V.
349 1295 399 1356 7³.
422 1292 509 1370 vulgo
534 1293 625 1351 AEtno
640 1311 718 1351 mons
739 1312 794 1352 non
815 1310 895 1371 aque
907 1291 992 1354 ultan
1033 1296 1074 1354 V.
1087 1299 1137 1360 74.
1156 1294 1228 1356 deleri

111 1371 260 1434 hominem.
301 1372 339 1431 V.
359 1377 409 1438 97.
429 1375 519 1433 rddidi
532 1392 615 1432 nunc.
657 1373 695 1432 V.
707 1376 757 1434 98.
776 1372 850 1431 hanc
869 1375 898 1432 in
917 1394 992 1433 nunc
1011 1375 1132 1434 mutari.
1172 1373 1230 1437 alia

110 1451 222 1513 leviora
235 1472 300 1533 quae
312 1453 359 1513 vel
372 1472 410 1512 ex
423 1453 503 1512 libris
514 1454 668 1525 veteribus,
682 1452 728 1512 rel
739 1471 776 1511 ex
788 1457 957 1532 conjectura
968 1455 1096 1528 correxi,
1105 1455 1229 1516 disertius

111 1533 242 1593 indicare
256 1554 315 1594 non
336 1547 382 1594 est
394 1553 491 1613 operae
510 1535 646 1614 pretium.
689 1533 758 1594 Hoc
772 1547 866 1593 metro
879 1535 1021 1615 scriptum
1034 1549 1082 1596 est
1101 1536 1230 1598 etiamin

115 1615 222 1674 Casina
236 1616 272 1673 V.
287 1615 400 1675 initium
413 1635 508 1674 scenae
521 1614 666 1674 secunda.
704 1614 941 1693 Elegantissimos
954 1616 1044 1678 habet
1056 1620 1151 1678 Varro
1163 1615 1230 1698 apoll

115 1695 246 1756 Nouium
259 1697 290 1754 in
303 1718 331 1758 r.
350 1696 528 1778 anticrpore:

186 1830 366 1904 persensistis:
387 1831 468 1887 dicite
479 1830 574 1897 labdae,
585 1839 613 1887 et
624 1826 697 1887 vivos
709 1830 873 1887 contemnite
883 1830 950 1887 riri:

186 1903 329 1974 anticipare
340 1908 420 1976 atque
431 1901 522 1959 addite
533 1902 629 1970 calcar,
646 1903 741 1958 stult6s
752 1903 916 1959 contemnite
927 1900 1010 1958 dbcti.

76 2087 82 2098 ,
116 2022 168 2084 sic
180 2023 282 2102 scripsi
302 2043 340 2084 ex
362 2023 455 2083 veteri
468 2023 595 2083 lectione
602 2024 738 2104 parastis.
781 2022 841 2081 Alii
855 2022 991 2096 smerdis,
1011 2021 1095 2085 aliir‘
1150 2023 1228 2102 fictir,

113 2104 355 2184 Laurenbergius
365 2105 395 2163 in
411 2105 586 2184 Antiquario
600 2125 629 2165 r.
648 2103 751 2164 labdae.
769 2104 899 2185 depalatis
912 2103 1071 2166 dederunt.
1120 2124 1139 2166 e
1157 2121 1228 2166 serm

115 2186 271 2265 fragmenti
285 2206 344 2245 non
354 2185 468 2245 ridetur
479 2186 551 2245 certi
559 2184 630 2264 quid
643 2185 781 2244 constitui
794 2205 888 2264 posse.

30 2276 34 2285 '
156 2274 187 2330 9.
217 2269 327 2328 Praeter
347 2278 548 2327 tetrametrum
572 2266 775 2326 catalecticum
798 2267 921 2326 Plautus
940 2265 1032 2326 etiam·
1049 2267 1227 2329 catalectum

116 2367 177 2409 non
191 2368 250 2408 uno
264 2351 295 2407 in
308 2349 375 2409 loco
389 2348 556 2427 usurparit:
577 2346 657 2425 quod
670 2365 729 2406 nou
750 2347 842 2426 magis
860 2348 981 2407 fortmse
996 2349 1170 2409 Graecorum
1186 2366 1228 2408 ex·

116 2430 214 2510 emplo
228 2429 339 2489 factum
361 2438 415 2499 est,
437 2447 523 2507 quam
546 2446 636 2506 quum
658 2426 687 2485 in
708 2427 858 2488 trochaico
880 2429 972 2508 atque
989 2427 1116 2490 iambico
1135 2445 1229 2510 genere
1252 2452 1253 2457 ¹

114 2511 215 2572 Latini
236 2521 419 2569 tetrametros
433 2509 609 2568 acatalectos
634 2508 838 2570 condiderunt.
880 2509 1134 2587 Commemoratur
1152 2522 1227 2572 tetra·

108 2603 212 2652 meter
232 2591 410 2650 acatalectus
430 2590 460 2648 in
480 2589 654 2668 fragmento,
686 2589 766 2667 quod
787 2591 947 2650 Censorino
967 2591 1108 2652 tribuitur
1127 2612 1156 2674 p.
1176 2595 1228 2655 156

116 2669 271 2753 ubi‘quum
285 2671 450 2732 catalectici
464 2670 671 2750 Aristophanei
684 2672 742 2731 hoc
756 2671 922 2752 exemplum
935 2672 1082 2753 prolatum
1095 2684 1179 2749 esset,

188 2790 275 2869 asena
285 2790 365 2846 Ponti
377 2807 424 2863 per
434 2787 504 2844 freta
515 2787 631 2845 Colchos
644 2787 758 2861 denique
767 2788 870 2846 delatus
882 2783 999 2858 adhaesi,
1062 2780 1065 2785 ⁵

116 2895 240 2975 quodsi
262 2894 463 2972 extragoedia
486 2894 582 2972 aliqua
605 2905 752 2972 sumptum
775 2906 828 2962 est,
847 2893 948 2974 potius
976 2895 1040 2955 finis
1064 2916 1129 2958 esse
1147 2905 1226 2977 syra

118 2975 404 3114 matilsdimerrorum
418 2974 571 3045 videbitur,
593 2975 759 3055 anapaestici
779 2977 921 3036 octonarii
940 2977 998 3037 hoc
1018 2978 1172 3040 exhibetur
1188 2995 1228 3038 es·

117 3077 185 3136 emp
198 3075 266 3116 um:
662 3084 665 3091 ¹

189 3185 236 3242 orr'a
247 3188 326 3242 beato
337 3186 438 3243 lumine
449 3186 563 3242 volitans
575 3186 620 3260 qui
631 3186 679 3259 per
691 3188 785 3259 calum
797 3188 925 3244 candidus
936 3187 1049 3261 equitas.

118 3293 168 3352 Ex
183 3291 289 3352 Plauto
303 3289 419 3352 afferam
433 3293 527 3372 primo
540 3292 638 3352 locum
652 3291 680 3351 in
697 3292 849 3352 Aulularia
863 3288 918 3355 IV.
932 3299 962 3354 9.
982 3293 1032 3371 qui
1046 3288 1095 3353 ille
1108 3292 1168 3373 ipse
1185 3299 1229 3361 est,

118 3375 157 3433 de
183 3393 241 3452 quo
268 3373 391 3434 Sisenna
411 3376 440 3432 in
462 3374 669 3433 commentario
690 3374 720 3431 in
743 3375 924 3434 Aululariam
943 3375 1021 3453 apud
1047 3375 1183 3434 Rufinum
1204 3389 1227 3449 p·

117 3459 209 3519 2711.
230 3455 350 3516 scribit:
369 3456 429 3517 licet
442 3477 524 3515 sceno
538 3456 707 3535 anapaestico
731 3465 819 3516 metro
841 3465 892 3528 est,
916 3457 966 3515 sed
987 3457 1097 3518 conam
1116 3457 1227 3527 sanari

116 3557 175 3596 non
190 3536 283 3597 intelli
302 3558 344 3597 or.
385 3537 510 3604 Quodsi
525 3537 613 3597 homo
629 3539 777 3596 Romanus
788 3540 848 3616 jam
869 3538 911 3596 ita
928 3537 1081 3617 judicavit,
1102 3549 1180 3597 tanto
1196 3551 1225 3592 s·

38 3642 41 3647 ¹
118 3619 236 3696 quiores
249 3560 470 3679 arbitrosnobir
483 3620 546 3679 fore
560 3637 717 3697 speramus,
740 3639 830 3697 quum
850 3637 968 3679 scenam
987 3617 1073 3678 istam
1094 3617 1227 3678 restituere

118 3701 247 3760 numeris
267 3702 326 3759 suis
347 3700 525 3761 conabimur.
569 3702 644 3759 Sunt
662 3712 759 3760 autem
780 3701 865 3779 primi
886 3710 998 3770 tantum
1019 3719 1124 3760 novem
1143 3710 1226 3759 versus

118 3781 285 3860 anapaestici
305 3784 475 3851 tetrametri‚
496 3801 569 3860 qnos
592 3780 753 3862 sequuntur
776 3781 891 3841 iambici
913 3791 972 3840 tres
995 3780 1138 3842 octonarii
1156 3793 1227 3839 unus

120 3878 178 3952 que
198 3862 397 3942 septenarius:
418 3861 524 3922 deiude
537 3873 592 3922 -est
613 3861 805 3942 auapaesticus
827 3862 1071 3941 Aristophaneus,
1099 3872 1129 3923 et
1147 3874 1226 3941 parc·

119 3958 239 4003 miscus.
285 4000 288 4004 .

194 4074 274 4141 Perii,
284 4076 381 4160 interii,
393 4075 478 4133 occidi
492 4101 497 4130 z
514 4077 566 4155 qub
578 4075 702 4133 curram?
720 4097 772 4150 quo
785 4077 839 4132 n6n
852 4093 970 4133 sumatur
988 4085 1060 4145 tene,
1071 4050 1135 4134 tene
1145 4062 1227 4150 quw?

189 4214 291 4282 nescio,
297 4165 355 4341 ί1ιέ1111
361 4146 448 4303 eirico,
466 4216 561 4273 caecus
573 4234 616 4284 eo,
636 4227 714 4290 atque
727 4218 859 4291 equidem,
878 4236 932 4291 quo
948 4245 967 4258 -
979 4235 1047 4290 eam,
1064 4229 1112 4277 ant
1128 4218 1171 4275 ubi
1186 4214 1231 4275 sill,

188 4299 371 4431 nequeoacutni
373 4306 469 4416 1111]ηὲ
477 4369 578 4417 certum
590 4360 757 4433 investigare:
778 4361 890 4420 6bsecro
900 4350 949 4418 ros
960 4378 1021 4433 ego,
1032 4357 1186 4430 mirtussio,
