2694 4866
400 267 460 333 ua
481 248 913 357 vuusmuscriarrcrs
1162 276 1218 333 ιιι

104 429 146 498 ιιι.
183 436 261 498 Nam
276 436 385 499 Cretici
400 456 514 498 numen
506 438 620 500 multo
633 436 748 518 gravior
761 457 892 498 racemus
904 449 960 514 est
980 456 1066 518 quarn
1080 439 1214 534 paesici,

102 528 129 576 ut
140 518 256 580 minime
269 521 373 580 mirum
387 521 435 590 sit,
451 521 574 580 alterum
588 520 707 599 tragicis
719 520 856 614 masinae,
877 483 1003 581 alterium
1015 522 1134 579 comicis
1148 541 1216 615 pro·

100 593 188 659 batum
201 601 300 661 fuisse.
342 603 454 663 Contra
467 601 576 681 quartis
588 602 779 681 paeonrbns,
769 621 800 660 ιιι
803 601 919 698 'quibu
943 603 1036 662 multo
1054 602 1215 697 majoriis
1263 665 1274 679 .

95 696 126 740 tc
138 683 330 755 vehementia,
345 702 431 762 quam
445 683 475 740 in
489 683 598 777 primis,
613 684 752 753 cernitur,
767 680 812 742 usi
832 681 967 742 videntur
986 682 1103 777 tragici,
1122 702 1214 778 quum

90 763 202 835 comici,
218 765 297 842 quod
317 784 374 843 ego
394 765 494 835 sciarn,
516 764 551 820 iis
571 763 774 825 abstinuerint.
815 766 890 831 Quae
910 784 999 843 quum
1019 765 1061 823 ita
1080 764 1148 837 sint,
1170 765 1215 824 sic
1279 768 1282 773 ’

89 845 274 905 statuendum
287 845 410 914 videtur,
426 844 563 924 paeonicis
576 847 705 906 versibus
719 844 953 905 adnumerandus
965 864 1039 917 esse,
1054 845 1105 924 qui
1125 864 1214 924 puros

89 944 201 1003 paeones
214 927 334 998 habent,
350 925 474 987 Creticis
496 937 603 999 antem,
629 928 680 1007 qui
701 946 740 986 ex
764 927 884 988 Cretico
898 938 931 986 et
942 929 1006 1006 ejus
1019 925 1213 987 solutionibus

89 1018 311 1086 componuntur

121 1093 153 1150 5.
175 1091 231 1163 At,
245 1089 356 1168 inquiat
369 1088 481 1168 aiiqnis‚
505 1083 609 1168 qirid”
589 1107 624 1148 us
637 1088 766 1150 versibus
779 1090 841 1163 fiet,
863 1108 912 1170 qur
904 1089 1006 1171 quod
1018 1087 1081 1151 fere
1094 1088 1149 1150 toti
1173 1108 1213 1149 ex

89 1169 185 1231 trimis
199 1172 359 1250 paeunibus,
375 1191 434 1229 uno
448 1171 576 1230 alterove
590 1170 721 1230 admixto
736 1172 866 1243 Cretico,
888 1181 1034 1244 constant,
1048 1172 1073 1230 si
1086 1190 1125 1231 ex
1139 1172 1215 1250 pede
1312 1226 1319 1235 .

89 1263 230 1330 regnante
244 1270 290 1312 res
304 1251 473 1311 aestimanda
485 1264 540 1322 est,
554 1251 688 1330 paeonici,
709 1252 733 1311 si
747 1271 785 1312 ex
800 1253 919 1313 Cretico
932 1273 951 1312 a
963 1252 1101 1347 ιιιιοιιιιιι
1114 1253 1215 1313 exciu-

89 1353 124 1407 ιο,
150 1333 263 1395 Cretici
290 1332 490 1393 videbuntur?
532 1333 792 1411 Respondebimus,
819 1345 923 1395 natura
946 1334 1060 1394 numeri
1087 1333 1211 1413 paeonici

89 1427 122 1474 ta
131 1415 268 1492 jubente,
283 1414 416 1475 creticos
430 1433 503 1475 esse.
544 1414 604 1472 Sed
616 1433 676 1474 non
690 1414 871 1475 diffitendum
885 1427 930 1476 est
951 1426 1059 1487 tamen,
1081 1433 1211 1474 errorem

89 1495 210 1574 diquem
234 1515 271 1556 ea
293 1497 323 1554 iu
347 1516 379 1556 re
403 1497 531 1574 ipsorum
552 1495 642 1554 videri
657 1496 831 1556 Graecorum
845 1516 918 1557 esse.
961 1497 1038 1559 Nam
1052 1516 1103 1557 eos
1118 1514 1209 1587 quum

89 1596 185 1637 tensus
198 1596 267 1636 suus
280 1577 460 1646 admoneret,
475 1576 546 1635 alios
562 1576 705 1650 Creticus,
720 1578 793 1638 alios
811 1579 958 1657 panonicos
979 1578 1115 1638 numeros
1135 1596 1211 1648 esse,

89 1658 279 1718 condiderunt
291 1677 351 1730 eos,
366 1659 410 1717 uti
424 1657 579 1729 debebant,
595 1659 727 1718 Creticus
737 1678 775 1719 ex
791 1659 913 1738 pedibus
920 1659 1103 1739 potissimum
1115 1659 1210 1719 Creti-

89 1740 135 1811 ris,
149 1741 298 1820 paeonicos
312 1759 351 1801 ex
364 1739 432 1799 solis
445 1738 545 1818 primis
559 1739 723 1817 paeonibus:
743 1740 795 1799 sed
811 1740 948 1819 quoniam
963 1740 1097 1800 doctrina
1109 1759 1211 1799 nume·

89 1839 194 1892 mrum,
215 1840 301 1901 quarn
315 1821 521 1899 sequebantur,
545 1820 583 1880 ad
597 1821 688 1879 sciam
712 1833 875 1915 temporum
900 1821 1146 1901 comparationem
1168 1841 1220 1880 ree

89 1903 220 1997 piciens,
235 1921 351 1981 paeones
366 1914 395 1961 et
411 1902 543 1962 Creticus
557 1902 760 1972 confuderat·
752 1922 782 1960 m
796 1902 970 1987 quibusdam
985 1902 1110 1963 Creticis
1124 1904 1214 1961 versi

89 2002 138 2042 sus
152 1983 279 2062 primum
291 2003 423 2078 paeqnem
444 1995 590 2060 tamqnam
613 1983 775 2060 legitimum
796 1995 981 2063 receperunt,
998 1984 1213 2057 recitationem,

89 2077 116 2123 ut
130 2064 258 2138 videtur,
273 2065 365 2142 magis
378 2064 416 2124 ad
434 2065 597 2143 paeonicum
612 2083 764 2123 numerum
779 2063 1043 2124 accommodantes.
1085 2065 1141 2122 His
1166 2084 1212 2123 ra·

89 2145 213 2208 tionibus
226 2145 370 2206 adductus
394 2165 469 2216 sum,
494 2156 528 2205 ut
550 2145 697 2223 paeonicos
711 2149 818 2204 versus
835 2165 853 2204 a
867 2145 991 2205 Creticis
1005 2144 1043 2203 di
1032 2164 1213 2224 y,sungerem

89 2226 241 2289 Creticos'
232 2246 310 2305 rpsos
323 2237 420 2286 autern
434 2225 565 2286 bifariam
581 2225 752 2285 dividendos
766 2238 910 2305 putarem,
925 2240 1048 2306 quornm
1062 2227 1146 2286 alteri
1160 2247 1212 2305 op-

89 2309 155 2366 timo
164 2311 232 2386 jure
247 2308 358 2368 Cretici
371 2318 478 2378 essent,
493 2307 587 2379 alteri,
611 2307 735 2386 primurn
749 2327 881 2401 paeonem
896 2307 1125 2386 frequentiorem
1139 2308 1212 2368 Cre·

89 2384 143 2455 tica
155 2389 298 2450 habentes
311 2389 475 2450 confusioni
488 2391 639 2467 utriusque
652 2407 765 2459 numen
757 2388 968 2462 deberentur.
1246 2387 1250 2392 ’

122 2475 153 2532 6.
173 2472 333 2533 Videamus
346 2466 648 2550 nuncipsaversuum
663 2455 848 2530 Creticornm
861 2489 979 2549 genera.
1020 2471 1069 2531 Ac
1085 2456 1213 2547 diximus
1257 2540 1262 2548 ‚

89 2570 179 2631 supra,
192 2552 247 2612 hos
261 2572 360 2613 sersus
374 2563 442 2631 quot
458 2552 548 2631 pedes
562 2552 709 2622 creticos,
719 2562 765 2610 tot
779 2551 895 2612 ordines
906 2553 1023 2612 habere.
1062 2540 1125 2616 set
1139 2572 1213 2631 quo·

89 2633 160 2693 uiam
171 2633 332 2696 brevissimi
345 2633 375 2691 hi
389 2633 505 2693 ordines
528 2643 606 2706 sunt,
629 2633 724 2712 aptius
750 2632 923 2728 plerumque
946 2633 1038 2692 visum
1059 2643 1114 2703 est,
1138 2634 1213 2692 duos

89 2732 142 2774 uno
154 2716 285 2776 membro
299 2714 516 2794 comprehendi.
557 2717 625 2779 Quo
635 2713 755 2782 factum,
772 2726 805 2773 ut
816 2713 1106 2774 usitatissimi-essent
1121 2713 1214 2772 dime-

90 2795 133 2867 tri,
146 2815 181 2856 ac
204 2797 378 2857 tetrametri
418 2799 604 2875 Quamquam
624 2814 681 2855 nec
704 2795 887 2869 monometri,
915 2812 974 2855 nec
995 2794 1128 2867 trimetri,
1153 2815 1209 2853 nec

90 2877 261 2952 pentametri
276 2876 497 2956 displicuerunt.
516 2817 694 2954 unumqne
717 2875 850 2969 plerique
871 2875 931 2936 sint
953 2876 1116 2950 acatalecti,
1138 2896 1212 2955 quo·

93 2972 147 3015 rum
169 2958 288 3018 ultimus
310 2978 362 3052 pes
386 2969 505 3037 propter
529 2956 669 3037 syiiabam
689 2956 846 3035 ancipitem
867 2957 1003 3037 dactylus
1023 2975 1086 3017 esse
1100 2969 1210 3037 potest,

94 3037 172 3100 nisisi
186 3038 350 3119 systematis
362 3038 564 3118 comprehensi
578 3057 636 3097 nno
648 3056 770 3097 numero
781 3038 999 3112 continuantur,
1010 3051 1109 3103 tamen
1121 3038 1212 3099 etiam

96 3104 270 3216 unlecdccs
282 3120 400 3200 quidam
413 3131 444 3183 et
453 3119 705 3203 hypercatalectos
718 3118 826 3185 secere.
845 3120 1007 3195 Mensura,
1022 3133 1054 3182 ut
1064 3124 1125 3205 jam
1135 3119 1210 3188 indi

98 3194 228 3277 mimus,
234 3201 264 3261 in
278 3200 376 3313 medio
389 3219 477 3264 versu
490 3201 535 3262 vel
550 3211 707 3281 systemate
721 3199 786 3261 haec
800 3210 855 3274 est,

160 3352 288 3384 ..υ-

159 3434 289 3466 WW

99 3502 121 3566 in
132 3512 184 3575 ine
198 3532 300 3575 versus
313 3513 360 3574 vel
375 3514 539 3595 systematis
553 3525 651 3575 autem
662 3513 765 3587 hac..-

158 3628 283 3695 Lux

159 3744 207 3776 w

125 3826 150 3888 7.
163 3825 300 3885 Dimetro
314 3844 351 3885 ac
363 3826 496 3887 trimetro
510 3828 614 3908 saepius
628 3827 733 3907 tragici
747 3834 880 3899 utuntur,
891 3809 1064 3911 pierumque
1074 3828 1211 3890 admixtis

93 3906 235 3968 trochaicis
250 3907 390 3980 versibus,
412 3919 446 3968 ut
460 3916 587 3991 cognato
601 3930 720 3990 genere.
763 3908 907 3972 Solutioni
921 3911 1093 3991 pierumque
1107 3912 1211 3971 eadem

91 3982 113 4046 in
125 3987 336 4067 antistrophico
348 3992 435 4048 veria
447 3991 555 4050 solutio
568 3990 739 4086 respondet.
779 3991 829 4051 Ad
842 3993 1022 4071 tragicorum
1033 3993 1210 4072 exemplum

89 4068 155 4132 iacta
166 4082 238 4132 sunt
253 4068 316 4128 haec
317 4071 408 4150 apud
422 4071 675 4185 Aristophanem
667 4092 697 4136 ιιι
712 4074 788 4134 Rau.
797 4078 893 4137 1358.

133 4248 137 4255 ,
208 4168 533 4261 Ἰιιίιιιιιιιιιιιιιιιι
500 4192 563 4265 quic
605 4190 608 4199 ’
655 4190 660 4199 ’

255 4299 258 4303 -
314 4262 445 4367 'Agrrprcn
449 4248 522 4326 asari
650 4276 655 4289 ⁶

237 4371 286 4423 ιιι
298 4371 417 4413 carinae
431 4344 518 4424 ’ἔχω’
