2694 4866
178 252 236 316 DE
259 248 436 314 STROPH.
454 245 502 310 ili
524 241 1153 309 MEMBRASUADISTRIB.461

79 442 147 504 sque
159 423 203 487 sio
208 420 372 483 tenendum
386 428 440 487 est
456 429 635 477 messuram
652 397 835 475 sacramen
850 431 886 473 nt
900 430 978 473 rrae
993 428 1159 474 vooaauna

79 506 182 567 liciata
194 504 268 565 finiti
280 501 393 562 numeri
405 515 468 559 esre
481 498 510 556 in
525 515 602 559 aner
614 513 850 558 cuiuscuunur
862 513 1002 565 uuuner,
1015 497 1046 552 in
1061 511 1160 555 rausa

79 599 140 648 tem
153 607 190 647 ea
202 594 325 655 tantum,
339 583 404 659 que
417 591 514 643 estex
529 596 690 641 ennarrans
704 594 859 637 srnuanra
873 577 919 636 vel
934 593 1161 640 rauronrauac

125 717 235 775 inacbia
245 715 341 781 furere,
352 743 369 753 -
382 712 452 768 silvis
463 710 590 766 honorem
603 711 715 767 decutit:
801 760 806 777 ,

125 790 214 865 levare
225 788 288 843 diris
298 795 407 858 pectora
417 813 434 823 -
446 783 665 838 sollicitudinibus

123 901 170 954 aa}
180 873 277 962 dieras
290 889 356 971 agian
370 887 576 958 ὃνσπιιιπιίλους,
589 923 610 936 -
622 885 668 953 οἶος
681 883 708 955 aiv
722 885 761 960 ἔφ’
772 883 845 957 ἴβιες.

79 1041 123 1082 am
136 1022 166 1080 in
179 1022 274 1081 media
287 1037 360 1079 voce
374 1017 512 1078 servanda
526 1028 570 1077 est
581 1020 660 1096 justa
672 1035 823 1105 mensura:

126 1142 173 1198 eia
186 1138 330 1218 iyffiqriyactt
342 1135 435 1198 alnao
447 1138 510 1212 μιλῖ
520 1171 542 1184 -
554 1161 628 1216 γιςυε
640 1133 790 1200 ‘territam

79 1285 226 1345 emporum
246 1265 371 1345 plurium
391 1266 507 1324 theseos
525 1265 660 1343 exempla
678 1273 746 1322 sunt
766 1263 796 1321 in
820 1262 942 1344 epitritis
963 1251 1120 1339 Duria-ut
1132 1280 1164 1326 a·

79 1347 109 1406 td
123 1347 280 1406 Pindarum
294 1347 396 1405 lsthm.
411 1347 467 1407 111.
482 1349 511 1410 7.
528 1345 600 1428 (11)

128 1462 230 1524 alsnia»
243 1459 292 1520 5⁵¹
278 1487 352 1543 agyos
364 1459 467 1530 cimorra,

93 1595 124 1654 in
138 1593 245 1654 Ionicis
258 1613 277 1654 a
289 1593 410 1667 minore,
425 1604 458 1652 ut
472 1593 550 1671 apud
564 1529 811 1672 Aristophanem
803 1612 833 1650 m
848 1592 951 1672 Veapis
963 1612 991 1652 v.
1007 1595 1092 1655 ato.
1169 1592 1174 1612 '

129 1710 204 1786 τείχει
218 1706 274 1768 δ”
253 1736 285 1769 ar
299 1706 379 1766 iul
355 1734 394 1766 ror
407 1710 517 1787 χθιζιεὶε
530 1708 626 1790 a'irQot·

129 1815 184 1862 w,
199 1793 223 1856 ic
238 1793 303 1866 ἡμεῖς
316 1785 425 1848 διεδύετ’.

80 1920 235 1999 accipienda
256 1932 299 1980 est
321 1921 391 1980 arsis
402 1914 591 1999 quorumdam
609 1917 820 2013 dactylicorum
833 1937 978 1990 versuum,
992 1929 1026 1977 ut
1045 1917 1166 1993 heroici,

79 2021 140 2060 ram
154 2013 267 2061 constat
279 2002 308 2059 vi
321 2021 374 2060 sua
387 2002 509 2072 efficere,
523 2012 556 2060 ut
564 2000 650 2059 ettam
659 2000 688 2057 in
703 2000 798 2060 medio
812 2020 895 2060 versu
910 2000 1019 2078 syllaba
1030 2002 1165 2060 vocabuli

79 2084 164 2154 ltima,
179 2103 243 2162 quae
256 2094 359 2142 natura
371 2083 467 2142 brevis
481 2095 532 2154 est,
549 2082 736 2187 producatur.
764 2085 865 2161 Atque
878 2082 919 2141 ita
931 2080 1049 2190 quidem
1062 2098 1109 2141 res
1122 2094 1168 2141 est

79 2166 223 2223 versibus
237 2183 295 2222 uon
309 2164 401 2223 ιιειιίε.

94 2251 124 2304 8.
139 2246 207 2304 Alia
220 2244 293 2304 ratio
307 2256 351 2304 est
365 2263 497 2304 versuum
517 2260 669 2316 nexorum,
691 2243 889 2323 quiquoniam
903 2261 961 2302 una
973 2241 1169 2338 perpetuitate
1267 2244 1268 2249 ’

79 2327 166 2389 umeri
190 2326 346 2396 coherent,
368 2343 427 2384 non
451 2326 500 2387 ubi
519 2340 656 2391 numetis
668 2326 798 2423 linimur,
822 2327 898 2408 (uon
911 2325 1009 2384 linitur
1022 2323 1099 2386 euim
1112 2322 1169 2384 nisi
1189 2364 1192 2368 -

79 2427 121 2465 rm
135 2407 197 2486 ipso
210 2408 382 2487 systemate)
405 2407 457 2466 sed
477 2406 526 2467 ubi
539 2418 636 2485 partes
649 2409 711 2484 ejus
731 2406 962 2469 disterminandae
973 2418 1051 2478 aunt,
1066 2405 1171 2484 queri

78 2508 111 2546 rr.
155 2491 254 2567 Atque
267 2488 316 2546 hic
331 2507 445 2567 quoque
465 2489 558 2566 primo
572 2489 608 2547 de
623 2507 684 2549 usu
698 2488 853 2547 videndum
868 2499 921 2558 est,
937 2488 960 2546 si
975 2489 998 2555 is
1011 2507 1049 2546 ex
1063 2497 1168 2545 natura

79 2588 166 2628 umen
159 2569 225 2628 vel
245 2580 312 2648 apta
333 2570 486 2627 verborum
506 2567 692 2647 dispositione
711 2569 832 2647 intelligi
852 2580 957 2648 potest.
997 2566 1181 2648 cujusmodi*

79 2662 109 2721 ιι,
125 2650 223 2727 quod'
216 2670 245 2707 m
256 2650 385 2709 numeris
409 2649 506 2710 Doriis
526 2650 648 2729 diligens
660 2651 822 2713 observatio
836 2652 931 2720 docet,
946 2649 1138 2744 plerumque
1129 2659 1171 2708 sta

79 2742 152 2790 artes
166 2750 228 2790 esse
242 2730 402 2824 dispositas,
416 2742 458 2802 ut,
474 2750 538 2809 quae
557 2730 667 2810 syllaba
689 2742 720 2790 et
739 2732 827 2791 thesis
846 2729 1037 2811 precedentis
1055 2740 1088 2789 et
1100 2748 1170 2788 ana·
1245 2788 1248 2793 .

79 2812 148 2871 nisis
172 2812 317 2890 sequentis
331 2812 437 2871 ordinis
458 2831 519 2870 esse
542 2823 708 2890 potentes
727 2813 823 2892 potius
837 2813 925 2873 thesis
938 2808 1155 2871 numeranda
1129 2829 1170 2870 vr·

79 2905 170 2964 eatur,
184 2913 270 2971 quarn
284 2894 439 2953 anacrusis

96 2979 127 3036 9.
138 2975 254 3033 Deinde
267 2986 364 3033 autem
385 2975 470 3032 etiam
483 2973 513 3032 in
527 2975 654 3034 versibus
667 2975 750 3034 nexis
763 2975 886 3034 multum
900 2975 1014 3039 confert
1031 2974 1069 3033 ad
1082 2993 1173 3034 mem·

79 3076 110 3115 ra
123 3067 203 3114 recte
217 3055 421 3133 distinguenda
434 3074 595 3117 mensuum
615 3074 784 3116 aucrerrrs
808 3057 978 3116 observatio.
1020 3054 1079 3115 Sed
1092 3075 1127 3115 ea
1140 3057 1173 3114 in

79 3156 116 3196 oc
130 3137 245 3214 quidem
258 3156 391 3195 versuum
406 3155 512 3214 genere
526 3157 584 3195 non
603 3138 658 3194 nisi
678 3140 708 3194 in
723 3156 819 3197 uuest
836 3155 1019 3198 seorrnrnoa
1033 3136 1174 3195 iudicium

79 3219 170 3275 raebet
189 3217 260 3276 finiti
281 3217 402 3277 numeri.
456 3217 532 3274 Nam
552 3219 582 3274 in
602 3217 677 3276 thesi
701 3218 824 3295 plurium
845 3218 1018 3296 syllabarum
1038 3228 1126 3297 atque
1141 3217 1172 3275 in

79 3299 115 3357 rsi
129 3299 310 3376 interrumpit
320 3298 564 3357 continuationem
575 3292 696 3368 numeri,
707 3297 785 3376 quod
797 3298 826 3354 in
839 3297 884 3356 his
896 3298 1023 3357 versibus
1036 3297 1098 3356 fieri
1112 3316 1173 3356 non

79 3391 174 3447 otest3
205 3380 234 3436 in
255 3380 328 3437 thesi
349 3379 497 3439 trochaica
516 3391 613 3439 autem
634 3379 739 3441 usitata
759 3390 803 3437 est
824 3378 910 3438 etiarn
923 3381 953 3437 in
967 3377 1067 3437 mediis
1080 3396 1186 3437 mem·-

81 3462 130 3532 ris,
146 3471 178 3518 ut
191 3480 250 3519 non
263 3460 353 3538 possit
366 3480 418 3538 pro
433 3460 539 3518 indicio
552 3461 672 3519 membri
683 3459 756 3519 finiti
776 3478 848 3519 esse.
897 3462 932 3520 In
956 3476 1053 3518 rnnsr
1078 3477 1173 3519 seon·

79 3560 167 3602 »raca
182 3560 250 3599 vero
263 3561 322 3600 non
335 3542 428 3600 solum
442 3541 471 3598 in
491 3541 549 3598 fine
562 3541 650 3612 vocis,
665 3540 743 3619 quod
763 3560 815 3620 per
827 3560 858 3599 se
872 3541 1061 3618 intelligitur,
1075 3538 1127 3597 sed
1141 3557 1173 3597 e·

79 3625 130 3682 iam
145 3623 174 3679 in
188 3640 296 3682 maura
313 3641 395 3681 vocs
409 3622 518 3700 syllaba
539 3641 647 3700 anceps
665 3622 777 3680 finitum
798 3641 860 3681 esse
874 3623 1033 3681 membrum
1048 3620 1176 3680 indicata

79 3724 99 3762 e
113 3722 171 3780 qua
184 3723 215 3761 re
229 3705 339 3761 dictum
353 3716 397 3762 est
411 3704 439 3760 in
454 3704 574 3781 epitritis
588 3703 696 3764 Doriis.
716 3703 864 3762 Invenitur
876 3716 973 3762 autem
987 3702 1050 3760 haec
1063 3701 1175 3779 syllaba

81 3785 150 3843 tiam
165 3784 194 3841 in
208 3784 379 3862 quibusdam
400 3785 581 3862 asynartetis,
605 3784 653 3863 qui
673 3785 734 3844 fere
757 3785 918 3863 antispastis
942 3783 1044 3844 sociari
1065 3781 1172 3855 solent,

82 3865 143 3924 uod
156 3885 248 3944 genus
267 3866 366 3924 nescio
379 3885 416 3924 an
430 3866 552 3944 epitritis
571 3865 615 3923 his
639 3866 744 3944 potius,
765 3885 851 3945 quam
871 3864 1024 3931 trochaicis
1047 3862 1175 3937 numeria

79 3947 277 4026 djuugendum
292 3947 343 4007 εἰι.
363 3959 395 4005 ut
409 3947 438 4004 in
454 3946 588 4007 Persisv
605 3951 673 4010 88⁶2.
688 3952 764 4015 288,-

79 4060 81 4064 ὶ
141 4061 236 4131 ἱθτιιιε,
251 4063 286 4123 ai
292 4063 364 4132 af,-
343 4091 486 4147 -o-rgaroa
471 4065 643 4146 “oliaginea

143 4143 242 4204 ’ἔκτισαν
256 4145 338 4205 stitt-
349 4144 395 4212 iat
415 4143 449 4210 ›32‘
463 4143 601 4226 induigeas.

103 4265 155 4320 10.
178 4260 245 4317 Νοιι
268 4260 364 4319 ιιιίιιιιε
387 4260 523 4319 idoneum
544 4271 746 4338 argumentum
767 4278 964 4321 aurvrsrorn
989 4273 1178 4318 vocavero-

79 4359 138 4402 tuss
154 4338 341 4419 depromitur.
382 4341 454 4421 Ejus
467 4342 530 4401 haec
543 4341 634 4402 virtus
648 4353 703 4417 est,
717 4353 749 4402 ut
761 4360 914 4403 numerum
926 4339 1058 4404 vocabuli
1070 4339 1179 4402 salvum
