2694 4866
416 273 476 336 DE
498 272 639 339 VERSU
659 268 889 338 SATURNIO.
1170 278 1234 344 417

96 452 120 488 “
138 459 251 505 vaano
279 459 376 518 suro,
398 461 552 504 anaunia
582 462 709 519 nanas,
730 461 890 517 canusina,
912 459 1019 506 ununs
1032 444 1064 505 :”
1087 443 1142 505 nisi
1165 447 1231 526 quis

96 538 222 600 statuat,
235 526 266 584 in
280 525 325 585 his
339 526 514 586 carminibus
530 528 668 609 canendis
682 547 740 601 non
754 545 918 589 mensuram
929 527 1186 606 syllabarum‚sed,
1196 539 1232 589 ut

96 609 206 688 vulgus
220 608 318 668 facere
332 608 416 678 solet,
438 626 626 685 communem?
635 609 905 689 pronunciationem
920 611 1100 669 observatam
1115 629 1189 690 esse.

140 697 192 754 40.
207 690 319 769 Soepius
340 683 584 751 commemoratur
598 686 771 752 ave'tenlrus
788 691 871 750 Nelei
886 709 1013 761 carmen,
1029 690 1108 771 quod
1132 711 1229 772 neque

95 791 117 832 a
126 786 192 852 ‘quo
211 771 322 846 factum
346 773 393 839 sit.
415 792 511 851 neque
525 773 595 853 quid
608 773 772 868 argumenti
783 773 929 844 habuerit,
944 792 963 832 a
976 787 1123 852 quoquam
1136 777 1229 851 adno-

94 865 194 914 tatum
209 852 315 914 inveni.
356 853 481 915 Videtur
493 865 591 914 tamen
612 854 698 914 Livio
721 854 891 916 Andronico
910 855 1054 934 posterius
1066 872 1140 915 esses
1181 858 1230 916 Ita

94 936 177 996 enim
193 935 340 996 Charisius
353 956 383 1016 p.
406 942 457 999 64.
479 936 589 996 “utin
606 936 739 1017 Odyssea
762 949 872 1011 vetere,
893 936 973 1016 quod
997 947 1042 997 est
1064 936 1230 1018 antiquissi·
1302 997 1304 1001 .

95 1024 117 1057 ‘⁸
133 1035 214 1076 mum
229 1036 358 1091 carmen,
379 1033 451 1077 una
474 1035 569 1088 runa,
592 1024 663 1080 nina
685 1036 782 1090 runa,
799 1035 880 1082 curn
896 1035 999 1078 vnum
1020 1037 1061 1078 nx
1080 1038 1150 1091 ruo,
1168 1038 1230 1080 aaa
1336 1090 1341 1105 Ι

96 1109 118 1140 ‘¹
135 1099 263 1160 sunta?
283 1111 312 1159 et
327 1099 357 1157 in
374 1099 459 1171 Nelei
477 1100 576 1183 (vetus
590 1099 685 1160 codex
707 1099 785 1181 apud
800 1100 946 1161 Merulam
971 1100 1008 1160 ad
1034 1101 1110 1178 Eup.
1131 1121 1163 1180 p.
1177 1106 1230 1164 53.

97 1179 263 1243 “Menelai
264 1181 283 1257 )
306 1182 444 1254 carmine,
470 1200 566 1261 eoque
581 1180 699 1261 priscos
719 1200 842 1243 saucia
866 1200 953 1243 suna
977 1200 1070 1242 urnis
1098 1199 1229 1245 sustam.
1308 1188 1313 1202 “

96 1270 117 1303 “
133 1264 184 1322 ubi
207 1275 306 1323 tamen
330 1265 424 1323 Varro
449 1281 559 1324 nunna
574 1265 685 1342 dictum
700 1276 793 1343 putat,
809 1264 861 1324 sed
879 1263 971 1324 AElius
986 1264 1071 1336 Stilo,
1084 1263 1228 1344 magister
1248 1302 1249 1307 κ

96 1355 117 1386 “
134 1347 208 1423 ejus,
223 1357 254 1404 et
266 1344 384 1404 Asinius
399 1348 536 1405 contra.'’
580 1348 638 1408 Pro
659 1367 765 1409 sumam
787 1346 974 1422 scribendum
989 1347 1128 1424 conjicias
1144 1349 1229 1415 Sam·

98 1427 188 1486 maai.
229 1427 332 1486 Festus
353 1427 383 1486 in
406 1447 434 1488 v.
458 1448 586 1488 numero:
617 1427 719 1488 “item
744 1429 775 1486 in
802 1428 900 1488 Nelei:
922 1447 1080 1508 numquam
1105 1447 1229 1489 numero

96 1507 218 1567 “matri
242 1508 383 1568 faciemus
406 1509 509 1568 volvi.”
561 1509 703 1590 Scaliger,
733 1519 754 1550 “
767 1509 909 1572 faciemus
935 1510 1053 1590 rolupl'
1096 1511 1231 1572 Fortasse
1322 1511 1326 1522 '

96 1589 238 1670 scriptum
252 1590 361 1649 sueratr

167 1707 348 1779 numquamne
359 1725 470 1764 numero
482 1707 561 1765 matri
572 1708 699 1766 faciemus
710 1707 812 1783 volup?

91 1809 175 1904 -Nam
190 1810 277 1870 etiam
297 1810 366 1870 alibi
390 1811 512 1872 trimetri
525 1822 683 1892 apparent.
725 1815 761 1873 In
783 1831 812 1872 r.
832 1820 979 1896 stupmms
1009 1812 1039 1870 in
1056 1810 1143 1873 Nelei
1164 1832 1241 1874 cor·¹

97 1911 190 1952 nanee

165 2007 236 2066 fade
253 2013 396 2083 stupreque
412 1972 527 2083 adstigor
545 2010 652 2068 cotidie.

96 2109 169 2187 Inv.
183 2121 300 2198 topper:
321 2115 352 2174 in
367 2113 453 2176 Nelei
464 2115 607 2176 carmine:
638 2119 648 2146 *

165 2230 263 2303 topper
272 2231 388 2286 fortunae
401 2233 596 2288 commutantur
608 2231 766 2290 hdminibus.

95 2331 224 2394 Putatur.
233 2334 310 2394 idem
325 2354 442 2395 carmen
461 2337 539 2415 apud
552 2336 671 2397 Festum
685 2337 715 2396 in
733 2358 762 2398 v.
774 2335 1044 2418 strigoresfcitatum
1056 2335 1155 2396 fuisse.
1196 2337 1227 2397 A
1273 2317 1275 2321 Α

98 2415 199 2488 Neleo,
222 2429 305 2496 patre
320 2417 463 2493 Nestoris,
473 2418 592 2497 ductam
614 2418 838 2499 appellationem
860 2437 924 2479 esse
946 2419 1084 2497 conjiciat
1103 2418 1168 2498 quis
1188 2436 1235 2478 ex·
1265 2418 1272 2428 '

94 2495 179 2555 simili
210 2498 404 2578 appellatione
427 2500 562 2560 carminis
586 2502 623 2563 ab
647 2501 732 2561 Attio
757 2499 878 2574 conditi,
893 2500 973 2580 quod
993 2500 1107 2560 ridetur
1126 2517 1228 2560 versas

98 2576 248 2639 Saturnios
262 2580 405 2640 habuisse.
446 2581 542 2642 Varro
561 2582 600 2643 de
620 2583 658 2642 1..
677 2582 714 2644 L.
734 2583 788 2643 VI.
810 2602 841 2662 p.
864 2585 914 2646 70.
935 2585 985 2657 nt.
1007 2591 1028 2623 “
1041 2583 1072 2641 in
1096 2581 1228 2644 carmine
1317 2634 1320 2639 .

95 2659 240 2721 “Priami
260 2662 339 2741 apud
355 2662 477 2723 'Attium
498 2665 578 2742 quod
597 2675 653 2737 est,

162 2780 182 2808 “
193 2777 305 2844 veteres,
317 2774 552 2848 consumsisset
567 2780 611 2838 res
622 2781 686 2838 volo
696 2780 804 2855 profari,

161 2852 181 2880 “
193 2862 221 2906 et
238 2851 382 2918 Priamum,

91 2961 118 2995 ‘⁴
132 2973 248 3027 cascum
279 2956 423 3035 significat
451 2957 561 3028 retus?
617 2958 742 3039 Legitur
766 2957 843 3039 apud
875 2956 1037 3034 Varronem
1074 2944 1240 3019 Camenas?

94 3046 129 3095 et
161 3036 267 3097 deinde
287 3047 315 3097 et
333 3039 459 3120 primam
485 3058 539 3119 pro
563 3047 591 3099 et
613 3042 788 3103 Priamum-r
819 3059 848 3101 r.
875 3039 1068 3119 Scaligernm.
1110 3039 1229 3100 Postre-

89 3131 169 3189 mus,
184 3120 234 3198 qui
252 3139 352 3180 versus
374 3120 525 3181 Saturnios
539 3122 660 3192 faceret,
684 3123 807 3182 fortasse
829 3121 893 3200 ipse
913 3121 1010 3182 Varro
1029 3121 1095 3181 fuit.
1137 3124 1228 3184 Certe

89 3192 209 3260 Nonius
222 3204 252 3260 in
262 3222 290 3261 v.
312 3213 411 3273 meret,
432 3202 491 3262 duo
510 3224 549 3264 ex
563 3207 626 3281 ejus
640 3202 849 3267 Eumenidibus
868 3200 1033 3281 fragmenta
1052 3196 1144 3273 affert,
1160 3221 1227 3283 quae

89 3272 153 3340 hoc
165 3302 288 3369 numero
302 3303 366 3344 esse
380 3284 524 3356 ridentur,
536 3305 567 3364 p.
580 3289 639 3344 344
652 3294 683 3344 et
698 3287 767 3346 345.

164 3399 227 3471 quia
243 3400 312 3471 plius,
323 3401 419 3474 inquit,
436 3402 538 3458 merere
551 3400 630 3456 debet
640 3401 668 3456 in
681 3419 734 3474 quo
746 3410 788 3456 est
799 3399 892 3457 virtus.

122 3504 126 3515 ι
163 3472 276 3542 primum
288 3474 350 3540 iste,
360 3473 405 3545 qui
416 3474 502 3531 meret
513 3473 650 3530 sestertios
667 3475 785 3529 vicenos.
840 3528 849 3542 ,

132 3578 183 3661 ll.
204 3575 301 3636 Nemo
314 3596 374 3635 non
387 3576 478 3651 videt,
499 3596 586 3657 quam
601 3577 711 3642 incerta
726 3573 973 3655 dubitationisque
996 3574 1083 3654 plena
1105 3586 1153 3634 res
1176 3572 1225 3651 sit,

89 3654 158 3713 tam
166 3656 275 3730 brevia,
292 3671 410 3738 tamque
429 3659 571 3738 corrupta
589 3659 754 3739 fragmenta
775 3659 804 3717 in
828 3675 1055 3717 numerossuos
1080 3655 1224 3735 redigere.

89 3731 241 3799 Sitamen
261 3739 292 3798 in
312 3741 368 3800 hac
383 3760 416 3800 re
436 3742 533 3820 aliquo
554 3740 696 3800 successu
706 3741 796 3820 gavisi
817 3757 927 3810 sumus,
948 3736 1020 3797 illud
1034 3728 1174 3817 inprimis
1187 3737 1227 3797 ad

89 3821 328 3898 cognoscendam
353 3819 646 3902 constituendamque
657 3830 659 3835 ’
669 3822 763 3901 legem
777 3840 877 3882 versus
894 3820 1022 3880 Saturuii
1037 3818 1225 3880 memorabile
1238 3877 1245 3885 ,

89 3910 147 3970 Est,
163 3903 243 3980 quod
258 3922 347 3983 quum
362 3925 401 3964 ex
416 3916 520 3964 natura
533 3906 619 3985 hujus
638 3905 751 3964 numeri
766 3904 886 3984 syllaba,
907 3922 966 3983 qua
979 3903 1058 3982 prior
1078 3920 1144 3982 pars
1158 3920 1223 3960 ver-

89 3990 144 4042 !us
161 3983 272 4057 finitur,
295 4005 402 4066 anceps
423 4006 497 4058 esse,
521 3998 551 4046 et
576 3986 697 4064 proinde
717 3984 892 4046 solutionem
917 3985 1082 4045 detrectare
1107 3983 1224 4058 debeat,

89 4063 191 4132 tamen
205 4085 265 4126 non
279 4087 345 4128 raro
358 4069 456 4128 soluta
468 4067 637 4148 reperiatur.
681 4068 740 4128 Sed
753 4079 796 4128 est
808 4067 866 4126 hoc
880 4066 1032 4147 ejusmodi,
1042 4077 1085 4139 ut,
1094 4065 1232 4146 quamvis.

89 4152 115 4202 R
127 4147 297 4210 Graecorum
319 4162 382 4210 arte
403 4169 439 4208 ao
453 4149 603 4230 diligentia
616 4150 820 4213 alienissimum
841 4149 888 4222 sit,
903 4160 1001 4209 tamen
1018 4147 1158 4210 Romanis
1168 4144 1224 4208 illis

89 4230 238 4292 veteribus
258 4232 418 4294 condonari
431 4233 522 4312 possit
534 4230 681 4374 faciqlirpqe.
