2694 4866
17 263 22 393 s
97 305 139 374 ts
469 298 816 366 c1s.11.cnr.x1v.

101 471 241 554 iendique
260 479 370 550 potest,
390 469 471 549 quod
484 469 569 532 aliter
586 489 645 532 non
659 481 736 532 esset
749 469 884 532 idoneam
898 466 1040 532 rationein
1053 469 1225 533 habiturus.

101 555 183 616 Nam
205 572 296 632 quum
315 556 408 631 poitae
427 552 458 611 in
470 554 530 612 hoc
549 572 645 624 versu,
666 554 717 632 qui
737 553 775 612 sd
789 553 968 632 colloquium
981 553 1110 614 maxime
1125 555 1225 615 oratio·

102 654 234 715 numque
257 633 449 695 imitationem
470 634 566 694 factus
587 647 644 707 est,
685 635 762 694 lures
785 654 924 714 usurpare
948 653 1074 695 coesuras
1094 635 1225 708 debeant,

101 717 251 778 interdum
262 715 313 787 illi,
335 715 572 796 interpunctione
595 717 642 777 vel
700 736 747 775 ern
767 734 867 776 versus
880 733 939 776 non
953 716 1042 797 longe
1061 734 1225 796 praegressa,

102 799 150 860 vel
163 797 261 878 paullo
275 808 342 876 post
355 797 470 856 initium
481 797 629 876 sequentis
639 816 740 857 versus
750 809 919 877 sequutura,
930 798 1005 859 duos
1014 816 1115 858 versus
1125 797 1227 859 medus

102 883 330 959 conjunxerunt,
352 879 427 939 adeo
442 890 475 938 ut
488 879 576 939 etiam
590 879 721 939 vocalem
742 878 878 939 dictionis
898 878 1106 959 monosyllabas
1127 879 1159 937 in
1175 878 1227 939 dne

101 978 203 1022 versus
224 960 377 1020 eliderent.
418 960 468 1019 De
492 979 550 1038 qua
570 979 603 1019 re
623 979 683 1020 non
703 970 759 1033 est,
779 960 860 1038 quod
874 960 923 1022 bic
937 961 1032 1022 dicam
1046 959 1225 1040 explicatius,

103 1063 195 1125 quum
208 1041 240 1102 id
253 1061 341 1122 supra
351 1044 412 1120 jam
426 1039 538 1101 factum
550 1040 589 1100 sit
601 1040 651 1101 lib.
666 1042 692 1101 Ι.
706 1060 772 1120 cap.
786 1047 815 1114 8,
842 1046 888 1104 10.

145 1130 192 1187 12.
215 1123 276 1183 Sed
295 1123 444 1202 pertinent
464 1122 502 1182 ad
522 1123 580 1181 hoc
600 1142 694 1198 genus
714 1124 803 1182 etiam
823 1121 865 1181 illi
884 1142 993 1193 versus,
1015 1122 1066 1203 qui
1086 1121 1117 1180 in
1131 1140 1226 1182 vocem

66 1282 70 1289 ι
100 1207 295 1269 terminantur
308 1216 472 1264 naturasua
480 1204 521 1263 ita
529 1223 597 1262 cum
606 1204 795 1302 sequentibus
806 1206 1013 1277 cohaerentem,
1023 1213 1067 1278 ut,
1076 1203 1133 1264 nisi
1145 1204 1225 1264 edan

100 1285 323 1369 pronunciando
334 1284 442 1345 arctius
457 1304 524 1344 cum
538 1285 572 1345 iis
587 1296 792 1365 conjungatur,
807 1298 916 1359 versus,
931 1297 965 1345 ut
978 1285 1226 1364 recitationispos·

101 1368 202 1430 tulatis
215 1385 276 1427 non
289 1366 479 1438 satisfaciens,
490 1366 596 1427 merito
609 1367 771 1448 displiceat.
798 1368 887 1429 Unde
901 1386 962 1428 uon
974 1385 1044 1427 sane
1058 1365 1165 1449 injuria
1171 1383 1225 1426 sus·

100 1460 206 1532 pectus
217 1458 262 1508 est
274 1445 324 1507 hic
339 1447 475 1528 AEschyli
488 1447 572 1508 locus
585 1449 616 1508 iu
630 1448 757 1510 Eumen.
770 1453 841 1512 288.

181 1565 248 1626 ἄλλ’
258 1566 364 1643 rigaldi-iu
377 1563 433 1636 lla,
448 1564 667 1647 πςοπιτςιμμένον
680 1590 707 1625 rt
725 1571 790 1648 'eis

180 1663 297 1710 ιλλοισιν
310 1646 384 1714 siesse
397 1646 442 1707 neti
456 1647 608 1729 regarium
621 1650 727 1729 βςοτὸν.

99 1760 366 1905 Quksitsamhest,
380 1778 483 1843 parum
497 1772 577 1822 certe
591 1761 710 1840 elegans
723 1771 779 1823 est.
819 1761 935 1822 Multos
951 1760 1057 1856 melius
1072 1757 1224 1842 Sophocle

99 1861 132 1900 rn
177 1859 250 1921 nrg.
327 1886 335 1903 .

182 1965 271 2020 sre's‘m
283 1959 346 2020 nisu
360 1961 484 2043 erigente,
498 1952 516 2031 ii
528 1965 689 2039 turrigeris

182 2040 260 2113 usur,
270 2037 356 2119 podria
369 2068 396 2102 rt
410 2047 485 2120 οἶμαι
497 2042 671 2120 pupinia-ame
692 2039 729 2105 ui.

100 2150 206 2215 ,Paullo
219 2156 286 2230 alia,
311 2157 363 2216 sed
376 2158 507 2238 ejusdem
522 2167 621 2218 tamen
634 2156 751 2237 generis
764 2152 900 2235 exempla
913 2164 992 2228 suut,
1016 2173 1084 2233 quae
1096 2152 1137 2214 ibi
1150 2146 1224 2212 attuli

98 2235 130 2296 in
144 2237 248 2297 minori
262 2238 310 2298 ed.
324 2238 477 2298 Erfurdtii.
519 2239 608 2299 Adde
632 2238 816 2298 Boeckhium
839 2237 877 2297 ad
902 2237 988 2298 Pind.
1002 2235 1123 2319 Olymp.
1137 2235 1223 2312 vap.

101 2321 171 2386 377.
212 2320 367 2398 Ejusmodi
380 2331 449 2380 sunt
462 2319 550 2381 etiam
564 2321 629 2379 haec
642 2319 673 2377 in
687 2320 760 2382 OEd.
775 2321 850 2400 Reg·
864 2322 935 2384 236.

165 2432 222 2496 ¹‘riu
237 2435 285 2496 iisd
300 2436 306 2454 ’
320 2435 427 2497 ἀπανὶό
440 2445 535 2505 τοῦτον,
545 2435 612 2503 ‘o'me
628 2437 687 2504 ἔστί,
703 2443 749 2510 yiie

182 2512 263 2588 τῆσδ’,
276 2545 305 2586 ης
320 2519 371 2590 iyoi
382 2517 465 2599 κςαίτη
479 2543 505 2577 τι
518 2523 565 2578 nai
577 2517 675 2599 dedisse
691 2518 761 2596 νέμω.

101 2647 174 2699 etv.
194 2642 265 2700 258.

181 2755 243 2839 ini(
256 2755 281 2816 τ’
294 2757 415 2835 murti,
429 2762 474 2819 soii
486 2759 547 2819 brot
559 2784 596 2831 rt,
609 2752 682 2825 vicii
695 2780 723 2821 rt

180 2842 236 2910 ‘7342
252 2834 297 2897 dl
309 2841 431 2922 sineigs-us
443 2840 539 2908 nuliius
552 2841 711 2924 ἰφθιςμίνης.

101 2948 139 3011 In
152 2952 258 3031 quibus
271 2954 414 3033 exemplis
427 2955 561 3015 omnibus
579 2956 705 3035 pessime
728 2955 826 3015 sensui
851 2955 1026 3025 consuleret,
1049 2952 1101 3035 qui
1122 2951 1153 3014 in
1176 2948 1235 3013 dot·

102 3047 203 3093 versus
217 3035 320 3113 magis,
342 3054 430 3114 quam
455 3035 506 3095 ubi
528 3037 779 3116 interpunctioues
801 3039 918 3116 jubent,
932 3051 1004 3098 voce
1018 3035 1226 3097 consistendum

102 3124 230 3194 putaret.

31 3230 37 3237 -
145 3202 192 3258 18.
214 3197 264 3256 Ad
278 3215 443 3258 mensuram
457 3199 536 3278 quod
550 3199 665 3270 attinet
689 3197 758 3261 satis
779 3202 840 3281 jam
860 3208 927 3280 post
941 3211 987 3261 tot
1001 3198 1157 3260 doctorum
1180 3197 1225 3257 hs·

101 3279 213 3337 minum
228 3278 454 3358 disceptationes
464 3282 648 3360 exploratum
658 3283 810 3355 habemus,
824 3294 1002 3361 anapaestum
1013 3281 1043 3340 iu
1058 3281 1225 3362 tragicorum

102 3359 242 3419 trimetris
256 3375 315 3420 nou
329 3361 384 3421 nisi
398 3363 427 3419 in
442 3362 559 3423 nomine
583 3366 700 3444 proprio
721 3366 819 3423 locum
843 3363 962 3438 habere,
987 3375 1116 3442 excepto
1137 3371 1226 3423 mmet

102 3440 209 3501 ultimo
223 3442 309 3522 pede,
324 3460 411 3522 quem
425 3460 539 3522 semper
562 3463 667 3524 purum
694 3445 803 3506 servari
825 3464 945 3505 necesse
969 3457 1022 3505 est.
1064 3447 1134 3512 Qua
1153 3444 1226 3502 dett

103 3542 199 3604 quum
213 3523 261 3582 alii
282 3523 493 3604 disceptarunt,
514 3536 577 3584 tum
601 3528 754 3586 novissime
775 3527 922 3586 Porsonus
944 3537 975 3587 et
997 3542 1055 3605 ego
1078 3527 1110 3585 iu
1132 3522 1227 3605 proeis·

103 3605 234 3665 tionibus
247 3606 284 3666 ad
299 3606 466 3667 Hecubam.
510 3607 624 3668 Primus
639 3628 691 3689 pes
704 3619 802 3669 autem
816 3619 995 3687 anapaestum
1008 3609 1097 3668 etiam
1121 3607 1152 3667 in
1175 3600 1229 3665 aliis

103 3688 271 3748 nominibus
286 3689 399 3769 recipit,
415 3690 466 3750 sed
480 3687 510 3748 in
523 3690 614 3751 veteri
637 3691 781 3770 tragoedia
795 3707 831 3750 ea
853 3690 931 3768 lege,
954 3701 989 3748 ut
1013 3689 1043 3748 id
1067 3691 1098 3750 in
1122 3689 1182 3748 inte
1230 3704 1242 3764 J

102 3770 247 3830 vocabulo
262 3769 321 3829 fiat.
343 3771 498 3851 Euripides
508 3791 577 3832 vero
592 3773 679 3833 etiam
693 3774 735 3831 ita
748 3768 903 3852 aliquando
917 3781 1097 3850 anapaestum
1111 3769 1148 3831 ad
1209 3777 1247 3839 t..·

103 3857 139 3906 ut
160 3851 188 3926 ⁴is
212 3851 407 3930 expluribus
429 3843 577 3914 vocabulis
601 3864 759 3926 constaret,
784 3865 817 3912 ut
840 3853 870 3911 in
892 3855 999 3913 Oreste
1019 3874 1046 3912 v.
1061 3857 1132 3927 896,
1151 3852 1246 3913 lusu:

106 3928 222 3991 Alcest.
244 3936 312 3997 876.
340 3931 406 4011 Iph.
428 3934 499 3993 Aul.
521 3940 591 3998 646.
615 3936 726 3996 bacch.
754 3939 823 3999 502.
848 3938 936 3997 1189.
961 3939 1049 3996 1218.
1074 3933 1144 3994 Hel.
1169 3933 1230 3995 814·

51 4084 53 4090 ,
106 4009 237 4070 Herus.
252 4018 320 4075 940.
335 4031 509 4095 quamquam
524 4014 553 4072 in
566 4017 611 4076 his
623 4015 763 4096 exemplis
773 4013 907 4077 omnibus
921 4017 1087 4097 praepositio
1101 4026 1156 4086 est,
1170 4024 1247 4075 cunt

105 4091 226 4151 nomine
240 4112 276 4152 eo
290 4100 457 4176 conjuncte,
471 4115 599 4175 quocum
613 4100 694 4176 quasi
708 4117 795 4157 unam
819 4100 968 4158 notionem
992 4095 1085 4170 iacit„
1114 4094 1254 4165 Videtur,¹

108 4172 159 4232 hic
173 4191 212 4231 ex
226 4173 357 4252 pluribus
366 4177 488 4238 vocibus
500 4183 676 4257 compositus
686 4182 894 4258 anapestusad
904 4179 1075 4241 recentioris
1088 4174 1258 4258 impedim-

15 4304 18 4310 .
108 4252 251 4316 incuriam
265 4257 434 4324 referendus
449 4278 525 4323 esse.
566 4259 640 4322 Dixi
662 4260 780 4323 dehoc
803 4274 950 4346 anapesto
973 4250 1235 4342 inpraefationesd
