2694 4866
182 269 244 329 uo
557 261 638 326 nra.
657 262 716 325 111.
736 226 830 351 cur.
848 260 933 323 xvr.

183 444 215 493 et
228 448 304 511 nepe
318 427 397 491 altini.
438 428 493 491 Vel
507 449 596 510 quum
610 450 780 511 pronomen,
800 440 940 513 sequente
963 429 995 489 in
1017 426 1115 489 altero
1135 443 1220 488 ventu
1237 444 1288 509 pre

182 512 310 586 nomine,
325 522 357 571 ut
370 512 424 571 1v.
449 514 494 584 ll,
517 517 565 573 18.

306 645 413 702 enawli
430 645 546 717 proprio,
598 646 634 701 od
652 646 748 702 exhao

264 736 314 773 uce
326 718 460 773 Μεοοοω
471 735 544 772 meua
600 718 695 773 uentis.

184 822 241 883 vot
254 839 345 903 quum
358 820 532 901 propositio,
547 833 580 881 ut
594 821 651 880 111.
666 828 696 892 8,
710 824 739 880 2.

253 939 333 1012 plena
344 937 459 1021 miraris,
469 937 621 1010 positusque
640 939 721 995 carbo
736 934 767 993 in

325 1020 425 1080 cetptte
435 1026 503 1065 vnto.

184 1114 239 1177 lv.
252 1118 282 1186 6,
302 1119 348 1176 11.

255 1231 370 1305 procidit
380 1231 434 1288 late
482 1230 739 1305 anitquecollumin

326 1304 434 1373 pulvere
469 1321 558 1359 eucro.

189 1420 317 1482 Accedit
340 1421 378 1481 ad
398 1423 473 1495 haec,
496 1422 574 1502 quod
597 1433 716 1502 propter
738 1421 854 1483 eaodem
878 1435 992 1481 caussae
1015 1418 1142 1481 omnino
1165 1436 1247 1482 ram
1266 1430 1304 1481 att

186 1502 283 1562 hiatus
296 1502 382 1562 etiam
402 1502 478 1563 inter
500 1505 624 1582 priorum
648 1515 679 1562 et
700 1503 870 1573 secundum,
895 1500 1119 1581 secundumque
1141 1512 1175 1563 et
1197 1502 1303 1563 terunn

188 1602 313 1643 vertum.
354 1583 497 1663 Exempla
509 1584 586 1664 apud
602 1584 756 1644 Horatium
770 1584 819 1643 vix
833 1582 890 1643 alia
902 1581 1055 1654 inveneris,
1069 1601 1162 1662 quam
1187 1584 1300 1655 tat

189 1668 238 1733 12,
258 1669 289 1727 6.
309 1669 358 1735 2⁵,
383 1668 427 1726 18.
448 1670 498 1736 30,
518 1670 548 1726 6.
569 1665 612 1726 11.
628 1671 659 1736 4,
679 1672 708 1728 6.
733 1670 779 1735 16,
801 1664 1125 1736 5.111.11‚29.27,
1149 1670 1198 1725 10.

230 1750 278 1805 18.
299 1745 392 1806 Valde
417 1765 545 1807 neveram
568 1748 707 1807 Horatius
730 1746 785 1806 sibi
807 1746 904 1825 legem
925 1742 1050 1823 scriptit,
1072 1762 1169 1825 quum
1192 1746 1303 1825 rnnj'ntn

189 1845 289 1887 vernus
303 1846 361 1886 non
375 1826 428 1887 niti
442 1829 479 1887 ab
493 1827 613 1907 epitrito
622 1827 751 1888 necundo
764 1827 883 1908 incepit,
904 1843 1044 1887 ceturam
1062 1836 1168 1885 autem
1180 1832 1301 1885 conm-

188 1918 235 1969 ter
247 1907 318 1967 fecit
332 1908 360 1965 in
374 1908 430 1968 arti
442 1908 561 1988 dactyli,
576 1907 720 1968 interdum
735 1908 822 1969 etiam
845 1908 877 1966 in
896 1906 992 1966 media
1011 1906 1102 1984 hujus
1126 1905 1212 1986 pedln
1229 1900 1299 1965 uu:

188 1989 331 2050 Defendit
344 1989 419 2048 hanc
432 1990 572 2049 rationem
588 1988 752 2049 Boeclrhiuo
771 2010 799 2070 p.
824 1994 876 2050 94.
900 1994 980 2067 seqq.
1000 2004 1058 2046 nec
1080 1987 1188 2067 negati
1209 1992 1302 2067 potttt,

190 2069 305 2131 Latinae
318 2088 382 2129 eam
395 2069 512 2148 linguae,
526 2073 610 2149 cujus
623 2070 717 2130 minor
726 2069 889 2130 volubilitas
898 2080 952 2141 eut,
968 2068 1081 2137 melino,
1096 2086 1187 2147 quarn
1196 2070 1300 2129 attu-
1342 2102 1344 2149 l

191 2150 356 2212 convenire.
397 2150 550 2230 Spondeua
563 2150 642 2210 eninr
654 2151 845 2210 robustiorem
865 2161 896 2209 et
917 2148 1009 2226 magis
1033 2148 1199 2211 matculunn
1220 2142 1298 2207 retl't

189 2250 353 2305 uulnerum,
367 2232 526 2312 eademque
539 2231 685 2290 incisionis
699 2230 728 2290 in
742 2232 798 2291 arai
821 2228 930 2310 dactyli
951 2228 1039 2288 factoe
1060 2227 1106 2287 vie
1129 2238 1186 2303 ent,
1200 2222 1298 2309 quati·

191 2312 345 2386 inuitauit,
360 2323 392 2372 ut
406 2312 583 2393 perpetuitas
596 2311 709 2372 numeri
722 2323 753 2372 et
766 2310 941 2372 coherentia
960 2308 1055 2389 magia
1071 2308 1233 2371 elucescat.-
1266 2306 1299 2365 tt

191 2392 223 2453 ln
237 2395 299 2474 ipso
311 2412 443 2466 numero,
456 2404 489 2452 ut
499 2397 559 2472 jann
573 2412 660 2472 supra
672 2393 745 2466 dixi,
757 2402 874 2452 tanturn
884 2393 976 2462 abent,
990 2394 1024 2449 u't
1048 2388 1110 2449 ulla
1133 2400 1187 2450 aut
1208 2382 1298 2469 eptn'l
1338 2418 1344 2476 p

192 2474 269 2534 ullius
280 2474 444 2545 adhibendi,
458 2486 509 2533 aut
518 2473 663 2534 incisionis
672 2474 701 2532 in
714 2473 831 2553 dactylo
841 2472 982 2533 faciente
994 2470 1157 2539 necessitas
1169 2477 1314 2566 apparet,
1337 2506 1344 2560 Β

192 2567 226 2616 ut
239 2555 330 2634 maglo
343 2556 527 2628 ditrochaeus,
552 2555 686 2634 factaque
709 2555 740 2612 in
762 2554 848 2634 hujus
871 2554 929 2614 line
949 2571 1060 2613 mura
1072 2553 1118 2612 uti
1133 2570 1253 2624 euenor,
1269 2549 1298 2607 itt

192 2655 313 2696 numero
328 2648 521 2697 consentanea
534 2655 596 2696 ease
609 2637 750 2696 videatur.
791 2636 938 2696 Caesuram
952 2634 1029 2693 eninr
1050 2634 1170 2694 numeri
1190 2629 1298 2693 rntioin

104 2710 108 2719 ’
192 2718 250 2777 fine
263 2718 412 2778 ditrochaei
427 2737 488 2777 ease
499 2719 594 2797 jubet,
608 2717 631 2776 si
645 2718 770 2796 quidem,
786 2728 819 2775 ut
832 2716 916 2775 nobis
929 2715 1036 2795 placet,
1050 2714 1118 2774 finis
1131 2712 1262 2774 vocabuli
1276 2709 1298 2767 in

191 2799 250 2858 fine
264 2799 370 2858 ordinis
383 2816 492 2858 caetura
504 2810 635 2860 vocatur.
677 2800 716 2858 Et
729 2798 786 2856 hoc
810 2797 927 2877 quidem
939 2795 1027 2855 modo
1043 2795 1202 2856 Horatiani
1214 2806 1298 2853 vetut

196 2891 297 2939 carent
311 2898 429 2940 caesura.
472 2880 531 2938 Sed
544 2880 678 2958 quoniam
692 2891 751 2938 tarn
765 2879 869 2938 breves
894 2877 1009 2936 ordines
1029 2876 1120 2936 etium
1134 2878 1198 2937 aine
1209 2887 1312 2957 cam,

194 2970 275 3019 recte
298 2959 437 3039 conjungi
465 2971 596 3038 possunt,
619 2971 759 3038 tantoque
781 2959 889 3018 arctius
912 2957 1059 3018 cohaerere
1081 2957 1231 3029 videntur,
1254 2968 1301 3033 qut

193 3039 285 3118 magis
299 3039 388 3098 divina
400 3040 476 3099 inter
489 3040 577 3118 pedes
590 3052 657 3099 sunt
669 3039 821 3112 vocabula,
842 3039 985 3100 connexio
998 3038 1048 3098 illa
1067 3039 1181 3117 pedum
1192 3038 1224 3097 in
1234 3028 1300 3095 breti

193 3139 315 3180 numero
327 3120 444 3180 minime
459 3121 625 3198 injucunda,
640 3131 670 3180 et
683 3121 779 3200 potius
792 3119 1004 3199 quodammodo
1023 3118 1137 3179 firmior
1161 3131 1192 3180 et
1212 3115 1299 3177 fortior

195 3214 250 3263 est.
291 3205 385 3269 Quam
400 3203 448 3282 qui
463 3221 601 3261 casuram
614 3212 730 3272 vocant,
745 3202 844 3272 verbo,
857 3220 916 3259 non
930 3201 972 3260 rei
984 3200 1066 3259 litem
1090 3210 1223 3261 movent.
1257 3198 1301 3256 lu

194 3303 251 3363 que
261 3295 292 3342 ut
300 3284 447 3362 gravitatis
457 3295 487 3343 et
496 3284 646 3363 cujusdam
654 3283 742 3342 etiarn
752 3280 1028 3343 severitatiaiaudetn
1036 3273 1300 3345 habentuinnnui

266 3418 343 3484 quem
354 3399 438 3455 vinnm
452 3410 498 3454 aut
511 3399 592 3455 heroa
603 3399 659 3470 lyra
671 3397 712 3455 vel
726 3399 780 3454 acri

265 3472 330 3526 unia
341 3471 420 3526 numia
432 3471 574 3537 celebrare,
583 3470 653 3536 Clio,

205 3574 218 3589 ·
266 3559 343 3614 quem
355 3541 442 3607 deum,
459 3543 532 3613 cujus
543 3541 644 3598 recinet
651 3542 754 3613 jocosa,
810 3586 813 3591 .

336 3630 432 3669 nomen
443 3613 540 3684 imago,

197 3715 239 3774 ita
258 3734 344 3774 nemo
368 3726 428 3776 tam
451 3715 540 3777 durna
564 3716 619 3778 erit
640 3726 672 3777 et
699 3716 877 3791 invenustus,
901 3715 971 3798 quin
991 3713 1111 3791 sentiet,
1131 3712 1296 3781 muniet!
1330 3715 1336 3725 ’

195 3796 314 3858 lenitate
328 3797 449 3855 multum
464 3809 600 3877 prestare
613 3798 667 3859 hos
679 3817 798 3860 teratu:
1070 3802 1073 3807 '

277 3912 452 3993 xatuttiQtt’,
465 3914 572 3975 altra?
587 3912 733 3995 ’AQ‘dlwo

276 4000 330 4052 ni
341 4000 399 4060 urle
413 3992 561 4066 δολοπλὸκι,
575 3998 699 4072 M'aceptat‘
710 4020 746 4064 et,

275 4076 311 4148 μί
324 4073 352 4150 μ’
366 4075 466 4146 cicutae,
479 4071 536 4151 pand
557 4077 647 4135 ἀνίαισι
661 4073 755 4154 dripere,

357 4158 455 4229 olma,
467 4155 559 4235 dupin.

241 4276 288 4334 rt.
310 4270 370 4361 Sed
392 4277 472 4359 quod
491 4277 529 4339 ad
551 4276 720 4340 incisionem
743 4280 821 4342 illam
844 4279 960 4356 attinet,
980 4296 1045 4360 quae
1058 4278 1172 4360 placuit
1184 4264 1293 4339 ilentit
1325 4287 1344 4331 t

294 4404 324 4459 “r

298 4456 323 4495 ι
