2694 4866
485 246 569 341 ars.
587 270 646 342 111.
666 273 760 341 car.
782 270 868 338 avr.

541 673 658 748 CAP.
692 672 796 749 XVI.

426 895 477 945 DE
505 895 684 946 suttoaffls
712 891 935 945 erroatnus.

147 1079 173 1135 l.
185 1073 417 1134 Aurrcmonss
427 1067 484 1127 illae
494 1067 662 1129 lonicorum
672 1079 762 1148 atque
772 1067 937 1127 AEoliorum
950 1067 1111 1146 poiitarum
1123 1067 1243 1148 stropha

113 1154 159 1215 his
172 1153 299 1213 maxime
319 1151 414 1210 modis
434 1150 603 1229 composita·
622 1149 823 1210 inveniuntur:
843 1148 937 1229 primo
950 1166 990 1209 ex
1003 1149 1142 1227 ejusdem
1153 1167 1245 1209 versus

114 1233 413 1316 repetitioueabsque
437 1232 632 1311 perpetuitate
655 1232 779 1291 numeri.
819 1233 856 1292 Iu
878 1229 923 1289 his
947 1240 1085 1309 apertum
1099 1242 1158 1305 est,
1179 1228 1245 1297 fines

113 1317 301 1397 stropharum
316 1313 388 1384 aliis,
402 1331 489 1392 quam
504 1313 589 1373 metri
602 1312 716 1373 indiciis
730 1311 879 1397 cognosci.
907 1312 1141 1389 cognoscuntur
1153 1322 1246 1379 auten

116 1419 156 1460 cx
177 1399 307 1459 oratione
322 1395 409 1455 certis
423 1415 537 1474 semper
556 1394 628 1454 locis
647 1395 740 1467 finita,
761 1395 888 1454 maxime
902 1392 927 1452 si
940 1392 1044 1453 eadem
1057 1394 1152 1467 verba
1164 1393 1247 1467 veliti

116 1479 217 1551 initiis,
231 1479 276 1537 vel
290 1478 318 1536 iu
334 1476 440 1535 finibus
453 1476 637 1556 stropharum
661 1475 838 1556 posituim,
864 1486 897 1535 ut
920 1475 951 1533 iu
967 1476 1169 1537 Anacreontis
1190 1493 1246 1537 cst·

118 1561 199 1621 mine
207 1560 350 1620 XXXIX.
361 1562 444 1638 cujus
454 1558 576 1637 singulae
589 1559 727 1638 stropha,
738 1577 804 1637 quae
818 1575 859 1616 ea
872 1556 1021 1635 quaternis
1034 1557 1246 1628 vershussmt,

122 1643 168 1702 his
181 1641 276 1702 verbis
290 1640 445 1720 incipiunt.

200 1771 490 1849 Ὴψώὼὼ.

118 1911 123 1922 ’
160 1911 190 1968 2.
213 1905 289 1966 Alioe
314 1904 442 1984 strophae
467 1924 506 1964 ex
530 1904 631 1963 iisdem
655 1901 774 1983 quidam
798 1902 929 1963 versibus
950 1914 1181 1983 componuntur,
1203 1900 1248 1962 sed

124 1987 296 2051 continuato
310 2006 443 2059 numero,
459 1985 623 2065 cujusmodi
635 1996 681 2045 est
694 1985 768 2045 illud
781 1984 909 2057 Horatii,
925 1983 983 2044 111.
1005 1990 1054 2047 12.

194 2122 347 2180 miserarum
360 2131 411 2188 est,
422 2138 509 2193 neque
521 2121 616 2176 amori:

123 2228 209 2306 cujus
222 2225 346 2286 formam
359 2225 512 2304 praeiverat
527 2225 657 2297 Alcaeus,
672 2224 776 2284 decem
790 2223 907 2285 Ionicos
920 2241 939 2283 a
951 2222 1065 2284 minore
1086 2242 1149 2285 uno
1168 2234 1251 2304 syrte·

125 2321 215 2383 mate,
230 2326 346 2386 unaque
359 2306 479 2387 stropha
491 2306 753 2386 comprehendens.

166 2397 196 2453 3.
218 2389 447 2468 Nonnumquam
461 2388 492 2447 in
504 2388 670 2472 hujusmodi
684 2387 811 2468 atrophia
824 2397 988 2466 postremus
1003 2406 1118 2460 versus,
1140 2406 1200 2468 quo
1216 2387 1252 2446 h·

125 2471 209 2533 cilius
222 2470 287 2530 finis
300 2470 428 2549 strophae
441 2482 589 2550 appareat,
604 2469 661 2529 alia
673 2470 740 2548 lege
758 2469 873 2529 numeri
891 2469 1047 2541 formatur,
1065 2481 1100 2529 ut
1120 2469 1152 2528 in
1163 2468 1253 2530 simili·

125 2554 183 2614 bus
192 2553 300 2611 Ionicis
314 2551 440 2631 strophis
454 2551 532 2631 apud
546 2551 721 2630 AEsehylum
731 2551 762 2610 in
774 2551 869 2611 Persis
882 2571 909 2610 v.
920 2556 970 2612 81.
980 2570 1063 2631 seqq.
1073 2563 1107 2612 et
1116 2552 1148 2610 iu
1159 2549 1254 2633 Suppl.

129 2638 217 2701 1025.
234 2633 371 2706 anaolasi,
386 2645 416 2693 et
430 2634 548 2713 quidem
562 2633 677 2693 duobus
691 2633 784 2692 modis
797 2633 886 2693 facta.

168 2722 198 2777 4.
219 2717 295 2776 Aliae
309 2717 435 2794 strophae
450 2735 488 2774 ex
502 2734 561 2774 uno
575 2716 621 2775 vel
641 2715 773 2794 pluribus
794 2713 959 2794 systematis
978 2733 1066 2774 versu
1086 2715 1253 2776 catalectico

128 2798 218 2858 finitis
232 2810 456 2876 componuntur,
467 2809 501 2856 ut
515 2817 580 2876 quae
594 2809 663 2856 suut
676 2815 714 2856 ex
728 2796 900 2875 Glyooueis‚
916 2796 1081 2879 cujusmodi
1095 2798 1254 2877 exemplum

129 2898 218 2959 supra
231 2880 350 2938 allatum
365 2889 462 2937 estex
478 2881 679 2952 Anacreonte,
694 2897 759 2957 cap.
776 2883 824 2950 14,
839 2880 868 2941 7.

170 2966 201 3021 5.
229 2959 305 3018 Aliae
333 2959 460 3037 strophae
487 2972 526 3018 ex
552 2961 683 3018 versibus
710 2980 770 3018 uon
794 2959 1256 3030 uexis‚numerumhabeut1hus
1287 2998 1289 3003 -

130 3041 277 3114 eumdem,
291 3039 344 3099 sed
358 3040 558 3118 magnitudine
571 3042 617 3100 vei
630 3041 724 3100 forma
737 3041 857 3102 diversis
870 3042 959 3107 fiunt:
981 3052 1016 3102 ut
1035 3041 1101 3102 haec
1123 3043 1254 3103 choriam-

134 3124 221 3183 bica:

238 3274 316 3329 quem
328 3267 368 3325 tu,
380 3256 562 3327 Melpomene,
574 3255 656 3311 semel

203 3340 356 3385 nascentem
368 3328 473 3400 placido
485 3328 585 3382 lumine
597 3327 701 3382 rideris.

174 3454 203 3509 6.
226 3450 261 3508 Iu
275 3447 374 3529 primis
387 3446 525 3526 frequens
545 3457 590 3506 est
611 3445 789 3507 consociatio
811 3457 950 3524 quattuor
969 3465 1120 3520 versuum,
1142 3461 1250 3526 quorun

133 3540 194 3589 tres
206 3530 311 3591 eodem
326 3540 431 3602 metro,
446 3539 566 3608 quartus
579 3529 710 3606 ejusdem
724 3530 850 3607 generis,
865 3528 918 3589 sed
927 3538 996 3608 apta
1006 3529 1251 3589 catalexiiustruc·

136 3623 184 3672 tus
198 3623 252 3673 est.
294 3614 337 3674 Ut
352 3612 381 3669 in
395 3609 585 3677 choriambis:

123 3747 131 3762 ‘
208 3748 336 3806 Scriberis
348 3749 429 3803 Vario
441 3748 517 3803 fortis
530 3758 558 3804 et
569 3747 686 3803 hostium

208 3820 304 3886 victor,
316 3820 426 3874 Maeonii
440 3821 563 3875 carminis
575 3821 649 3884 alite,

210 3909 288 3962 quam
301 3908 356 3946 rem
369 3909 481 3963 cumque
492 3891 568 3945 ferox
581 3891 689 3947 navibus
702 3899 749 3946 aut
760 3891 835 3963 equis

245 3961 321 4018 miles
333 3974 360 4018 te
373 3964 440 4016 duce
452 3963 570 4032 gesserit.

140 4081 253 4147 Quoia
268 4102 376 4160 genere
391 4083 533 4143 Horatius
553 4094 584 4143 et
604 4086 767 4163 spondeum
788 4084 818 4143 in
838 4085 901 4146 basi
923 4097 1093 4147 constanter
1111 4060 1239 4167 punias
1284 4142 1287 4151 ,

141 4162 393 4303 Ἑζὲἰτὶἰὲῖίξτίιηίε
406 4165 536 4225 versibus
550 4184 690 4225 caesuram
703 4167 734 4226 iu
752 4167 810 4228 fine
830 4169 915 4247 primi
935 4169 1097 4230 choriambi
1115 4167 1237 4245 diligenter
1274 4156 1289 4275 ἑ

184 4327 214 4389 7.
236 4325 306 4385 Solo
319 4327 406 4387 tertio
421 4348 505 4390 versu
519 4329 557 4388 ab
570 4328 627 4390 hae
641 4331 761 4411 stropha
773 4330 870 4394 differt
882 4330 949 4415 ilia:
