2694 4866
145 310 510 388 ·.,L113.11.cA1³.x.
529 310 589 372 DE
611 311 754 374 VERSU
774 309 935 375 TROCH.
954 311 1076 376 PENT.
1149 313 1195 397 69

35 493 219 562 anapestus,
235 484 368 565 dactylos
389 493 477 554 amat,
492 481 613 542 dubium
627 480 774 542 interdum
788 491 843 553 est,
858 492 956 542 utrum
967 483 1035 562 ¹quis
1048 481 1176 543 trochai-

36 583 95 624 cus
112 567 290 640 octonarius,
306 587 343 626 an
357 564 549 644 anapaesticns
563 582 662 623 versus
676 563 723 622 sit.
752 563 884 623 Pertinet
897 575 996 623 autern
1011 564 1178 644 haecquaes·

35 647 82 705 tio
97 647 226 708 maxime
240 649 277 708 ad
293 649 439 717 Plautum,
455 645 572 724 quando
595 644 767 705 Terentium
777 647 814 705 ab
828 645 982 724 auapaestis
1005 645 1178 706 abstinuisse

36 739 167 789 constat.
212 730 259 790 lta
272 732 302 788 in
318 729 490 789 Trinummo
505 726 560 787 1v.
576 730 604 798 1,
622 731 649 786 l.

111 844 280 915 salsipotenti
290 855 318 901 et
329 843 511 916 multipotenti
522 843 597 902 Jovis
608 842 684 897 fratri
695 854 724 897 et
736 841 819 899 Nerei
829 843 967 915 Neptuno,

38 968 158 1027 prorsus
173 951 319 1011 incertum
333 961 388 1022 est,
403 951 427 1010 si
440 950 490 1009 hic
503 967 603 1010 versus
617 968 670 1026 per
683 967 715 1007 se
736 948 815 1009 solus
841 949 1051 1021 consideratur,
1075 961 1175 1010 utrum

39 1031 234 1112 anapaesticus
256 1033 294 1093 sit
318 1053 356 1092 an
383 1031 561 1092 trochaicus.
603 1031 664 1090 Sed
687 1031 738 1090 ubi
759 1031 858 1110 plures
880 1029 1048 1112 hujusmodi
1071 1050 1173 1092 versus

41 1113 195 1192 conjuncti
221 1125 301 1188 sunt,
328 1113 472 1174 trochaici
496 1133 532 1172 eo
564 1132 596 1172 se
621 1112 760 1191 produnt,
783 1113 863 1192 quod
886 1114 990 1192 sapim
1024 1113 1171 1173 vocabula

40 1192 153 1254 habent
177 1197 330 1276 anapaestis
353 1215 413 1254 non
434 1195 636 1276 congruentia.
677 1193 741 1253 Etsi
764 1193 821 1254 hac
844 1214 961 1275 quoque
981 1194 1012 1252 in
1025 1212 1058 1253 re
1073 1194 1173 1254 cautio

41 1273 207 1352 adhihenda
220 1290 276 1350 est,
291 1297 380 1358 quum
394 1279 464 1337 satis
476 1296 594 1357 asperos
606 1287 769 1355 anapaestos
782 1275 947 1336 condidisse
962 1276 1084 1336 Plautus
1093 1275 1174 1336 vide·

42 1368 117 1426 atur,
141 1360 353 1439 nonnullasque
367 1360 565 1438 correptiones
578 1370 610 1418 et
623 1359 839 1418 contractiones
852 1357 907 1416 sibi
919 1357 1082 1436 indulsisse,
1100 1376 1174 1439 quas

43 1438 106 1516 quis
126 1439 165 1499 ad
178 1441 305 1522 primum
319 1441 491 1522 adspectum
514 1441 565 1501 vix
577 1441 713 1503 ferendas
727 1439 886 1502 existimet.

513 1694 631 1771 CAP.
657 1694 693 1770 X

108 1913 112 1920 ·
164 1880 169 1884 ”
233 1900 285 1950 ns
309 1900 431 1951 vuaso
445 1881 676 1973 ‘rnocnn'rco
705 1893 973 1952 esnrnnnrao.

88 2059 112 2117 1.
132 2055 300 2118 Vulturnus
315 2057 471 2117 trochaicis
483 2077 536 2138 per
549 2057 680 2138 dipodias
689 2057 893 2117 incedentibus
903 2055 984 2116 addit
999 2055 1172 2137 Hephaestio

10 2168 12 2173 ·
45 2149 300 2203 ¹hemurardum
315 2139 586 2212 carnuncrr'cun,
601 2139 639 2199 de
653 2158 711 2218 quo
725 2138 767 2198 it'a
775 2137 889 2198 scribit:

29 2246 35 2255 ’
76 2259 128 2331 ‚⁸⁰²
139 2260 176 2335 τᾷ
187 2256 347 2340 πειταμέτςᾳ
361 2255 501 2340 diutim(
525 2255 742 2338 irrr'iorrgpoirgp,
757 2255 874 2322 πιλλοὺς
888 2258 1030 2338 »amicta
1043 2232 1174 2332 cupiditia·
1207 2290 1210 2295 r

10 2408 15 2419 ⁵
90 2359 133 2396 atr·
152 2335 198 2396 oidr
211 2340 263 2398 iore
276 2345 304 2398 ri
320 2340 511 2418 Καλλιμάχου,

12 2490 17 2499 ¹
122 2415 223 2500 iggerat
238 2420 317 2487 πολὺς
329 2422 373 2497 μὲν
387 2428 492 2495 Αἶγιῖυ
505 2419 645 2498 διατμήξας
660 2418 709 2479 dx’
722 2424 809 2502 οἰνηςίς
825 2421 887 2479 Xr'ov

10 2494 32 2603 “J
124 2500 261 2583 ἇμφοςιῦς,
276 2504 356 2569 moade
372 2500 399 2562 dl
412 2505 518 2573 Λισβίης
532 2500 613 2563 dam
628 2500 713 2584 νίπτεις
724 2503 838 2567 ἰἰνιίνθης
851 2499 922 2575 o'r'yrrr

24 2618 33 2653 ἵ
65 2604 176 2672 Quorum
189 2634 326 2675 versuum
340 2615 501 2690 secundum
522 2635 561 2676 ex
576 2613 758 2694 Anthologia
771 2614 882 2674 inedita
895 2613 1007 2673 addidit
1021 2613 1173 2673 Bentleius

24 2718 34 2779 '.'
66 2687 94 2745 ad
103 2693 200 2774 fragm.
215 2695 328 2757 Gallim.
344 2699 438 2759 CXV.
449 2697 624 2781 'Taeigprrgon
638 2708 672 2756 ut
685 2706 766 2756 recte
780 2695 893 2754 monuit
908 2693 1111 2768 Hotchkisius,
1124 2714 1176 2754 vo·

25 2846 28 2853 Ι
66 2782 101 2856 φῖ
111 2775 290 2856 Hephaestio,
304 2779 372 2857 quia
384 2778 505 2859 triginta
518 2790 651 2857 tempora
664 2777 792 2850 excedit,
806 2797 872 2856 quae
885 2776 1080 2859 grammaticis
1091 2794 1175 2837 max-
1290 2834 1295 2844 ,

26 2856 33 2935 ξ
67 2862 179 2918 lfflaesse
193 2858 302 2920 debere
322 2881 420 2922 versus
434 2860 605 2940 magnitudo
625 2859 789 2921 videbatur.

26 2942 35 2969 ³
97 2938 119 2994 l·
137 2939 206 3001 Hoc
219 2942 305 3000 metri
317 2938 411 3019 genus
424 2963 443 3002 a
455 2939 791 3030 solislputamuslyricis
805 2939 897 3018 po'e'tis
909 2950 1082 3020 usurpatum
1101 2958 1175 3000 esse.

10 2989 37 3107 ⁵}
68 3009 117 3076 Quo
135 3021 227 3081 minus
241 3023 457 3083 assentiendum
471 3024 527 3084 erit
541 3023 688 3097 Bentleio,
704 3024 845 3105 'Perentio
870 3023 951 3083 hunc
964 3041 1080 3083 versum
1093 3020 1176 3083 resti·

10 3114 34 3181 ,ξ
70 3098 404 3193 tuentiinPhorm.1.4‚
420 3109 468 3170 17.

10 3226 35 3293 r}
107 3277 110 3283 ,
150 3219 290 3279 Sduuu'es.
311 3223 347 3278 G.
365 3223 473 3278 domum
493 3222 533 3278 ire
551 3188 673 3295 pergatur
691 3223 729 3277 ihi
753 3221 927 3294 plurimumst.

10 3312 36 3367 ,p
182 3293 242 3348 PH.
262 3292 572 3350 revocemushominem.
606 3293 695 3350 A.sta
707 3293 778 3353 ilico.
816 3294 851 3350 G.
869 3293 939 3350 hem.

36 3402 39 3407 ·
66 3376 110 3448 Hic
120 3388 269 3457 Bentleius
282 3397 331 3471 alr,
345 3396 425 3477 quod
437 3408 507 3458 ante
520 3399 609 3459 verba
630 3401 763 3458 sanan'es
787 3398 818 3457 in
842 3397 1015 3478 quibusdam
1037 3395 1127 3470 hirris,
1141 3396 1174 3456 in

36 3538 39 3543 ,
64 3469 148 3559 §ludus
160 3477 249 3537 etiam
264 3479 360 3538 codex
374 3479 533 3558 Lipsiensis
556 3490 611 3552 est,
637 3480 793 3553 invenitur,
820 3479 998 3559 praecedenti
1011 3479 1107 3536 versui
1121 3477 1173 3536 ad·

60 3551 122 3637 lecit.
165 3559 224 3619 Sed
238 3561 285 3620 ed.
301 3559 482 3621 Coloniensis
494 3562 607 3642 praebet
621 3562 658 3622 alr
672 3583 803 3622 uesanos
817 3581 856 3621 es.
897 3560 972 3619 Inde
986 3566 1170 3618 monometro'

10 3652 19 3690 r
61 3635 164 3699 iambico
184 3641 330 3701 acaeteris
353 3643 483 3702 versibus
505 3643 655 3714 distincto,
682 3644 741 3722 qui,
763 3652 798 3701 ut
820 3641 921 3700 statim
941 3650 1010 3699 ante
1034 3639 1170 3716 dimeter,

10 3733 24 3771 Ξ
59 3716 186 3792 ψίίσείωο
200 3722 359 3783 clausulam
371 3724 452 3798 facit,
466 3725 508 3784 ita
521 3724 723 3804 refingendum
736 3723 817 3783 hunc
829 3722 928 3794 locum
942 3732 1030 3803 putor

26 3866 30 3911 Ι
144 3838 203 3894 PH.
215 3849 243 3894 te
254 3840 383 3896 nominat.

24 3914 29 4033 p
142 3909 290 4036 rhnrppssceipp
299 3912 371 3984 quod
382 3929 505 3985 magnum
521 3912 574 3970 hoc
586 3913 685 3973 nuncio
697 3911 823 3985 exspecto
834 3912 942 3968 malum.
977 3910 1036 3968 PH.
1048 3925 1118 3966 anne
1129 3906 1171 3966 sa·

22 4052 26 4073 ¹
143 4052 179 4107 G.
191 4052 299 4109 domum
313 4055 352 4109 ire
363 4071 483 4126 pergant
503 4055 540 4112 ibi
559 4055 735 4128 plhrimumst.
770 4057 829 4114 PH.
849 4053 1006 4114 revocamus
1025 4051 1171 4109 hominem.

126 4160 128 4165 -
169 4124 340 4186 A.rtailico.
375 4127 411 4183 G.
427 4126 498 4191 hem.

10 4184 19 4305 ξ
49 4219 192 4306 Similique
206 4229 295 4301 modo
309 4230 398 4289 etiarn
412 4230 487 4290 alter
499 4231 593 4306 locus,
609 4234 660 4313 qui
673 4245 719 4311 est
732 4233 763 4293 in
777 4231 880 4293 eadem
893 4230 993 4291 fabula
1007 4228 1066 4290 111.
1088 4233 1118 4305 ἲ,
1141 4230 1170 4287 l.

10 4351 15 4399 'r
46 4308 129 4370 ncta
143 4309 276 4370 clausula
288 4311 480 4390 corrigendus
493 4314 626 4375 videtur:

138 4426 337 4563 {ippprppmm
372 4503 413 4561 n.
423 4519 478 4559 non
490 4502 580 4562 audio.
614 4505 646 4564 P.
656 4505 824 4580 parumpen.
839 4505 877 4568 l).
893 4500 958 4576 quio
969 4454 1123 4561 onlnem·
