2694 4866
449 209 453 215 ’
496 215 556 277 DE
578 215 806 279 PROSODIA.
1182 223 1221 280 83

100 397 249 466 18888181.
290 383 362 446 1188
375 384 492 446 eliditur
506 386 614 446 adativi
627 385 722 447 tertie
736 383 935 446 declinationis
949 383 979 444 in
999 382 1148 463 singulari,
1173 385 1212 446 de

106 482 151 542 qus
162 487 190 528 18
202 468 277 527 iufra
289 467 319 526 in
333 467 500 548 synizeseos
513 468 709 546 explicatione
724 467 852 538 dicetur3
873 486 980 546 neque,
1004 467 1083 546 apud
1094 466 1212 526 Atticos

107 547 215 623 qudem,
241 551 272 608 18
295 550 410 628 plurali,
432 550 470 610 de
492 569 549 628 qua
562 569 594 609 re
608 549 684 609 dixit
699 550 845 608 Porsouus
858 547 889 606 in
905 547 1041 627 Append.
1056 549 1094 606 ad
1108 548 1215 628 Toupii

108 622 182 690 Nous
194 632 224 691 iu
240 630 359 702 suidam
373 653 403 712 p.
415 637 484 693 1150.
526 631 597 690 1188
610 631 727 692 eliditur
739 660 747 692 1
761 631 793 688 18
809 635 875 714 mel,
889 629 944 688 nisi
958 630 1036 709 apud
1047 630 1214 690 AEoleuses:

108 723 129 764 V·
147 713 238 775 lieutl.
258 713 342 792 epist.
367 714 405 773 ad
429 712 598 773 Hemsterh.
620 733 649 792 p.
678 717 746 774 104.
774 722 805 771 et
831 723 959 771 nostram
986 711 1054 770 diss.
1081 711 1119 770 de
1147 712 1214 772 dial.

109 784 175 853 Piud.
188 816 215 874 p.
229 799 279 855 22.
295 796 383 857 Unde
396 794 427 852 hi
441 795 527 856 etiarn
539 794 569 851 iu
584 794 751 874 compositis
764 794 821 853 hac
829 793 948 852 elisione
959 804 1091 864 utuntur,
1106 795 1215 876 mgs'asgr

109 867 228 950 dicentes,
251 887 283 934 ut
306 876 455 936 Hesiodus
480 876 593 953 Theog.
613 877 684 953 678.
703 894 794 954 aquo
808 874 839 934 id
855 875 976 933 verbum
989 878 1028 942 Q.
1046 874 1214 953 Smyrnaeus

109 957 212 1036 recepit:
226 978 254 1016 v.
265 957 332 1016 diss.
346 957 384 1017 de
394 968 472 1017 aetat.
485 956 581 1036 Orph.
596 958 670 1037 Arg.
681 979 710 1036 p.
725 961 794 1018 820.
836 956 908 1015 Non
918 955 1035 1015 eliditur
1048 956 1213 1034 188811118-

110 1050 155 1094 rum
167 1039 196 1097 in
210 1067 245 1100 m
258 1049 289 1098 et
302 1066 333 1100 a.
347 1038 555 1110 desinentium,
568 1037 721 1117 dequibus
734 1038 846 1098 dictum
860 1037 962 1097 eadem
973 1037 1003 1094 in
1014 1037 1215 1097 dissertatione

109 1133 129 1192 p·
139 1120 199 1181 122.
241 1121 289 1178 Ex
303 1120 492 1200 diphthongis
502 1120 564 1179 sola
576 1147 605 1181 aa
622 1120 718 1180 brevis
738 1118 889 1199 inprimis
911 1119 1063 1197 tertiisque
1084 1118 1215 1198 personis

110 1200 243 1260 verborum
265 1213 297 1262 et
320 1201 467 1262 infinitivis
486 1201 603 1262 eliditur
626 1201 705 1282 apud
729 1202 870 1270 comicos;
891 1221 919 1259 r.
943 1200 1043 1261 adnot.
1063 1200 1101 1259 ad
1122 1201 1215 1278 Greg.

108 1278 161 1341 Gor.
173 1303 201 1362 p.
218 1286 287 1347 171.
301 1284 379 1363 apud
393 1284 492 1364 epicos
504 1303 570 1343 raro
584 1283 615 1341 in
628 1283 789 1347 infinitivis:
810 1304 837 1346 v.
851 1302 917 1362 888
930 1282 1066 1342 81881811
1077 1281 1216 1345 adHom.

109 1356 129 1422 l.
140 1364 230 1425 Mero.
246 1370 314 1428 133.
335 1364 444 1444 Epicos
457 1377 619 1445 sequuntur
632 1366 726 1445 lyrici.
767 1364 887 1443 Tragici
907 1383 945 1422 an
959 1364 1077 1424 omniuo
1092 1363 1136 1422 usi
1159 1363 1219 1423 sint

108 1440 209 1505 11181888
223 1446 407 1526 diphthongi,
428 1446 594 1511 dubitatum
607 1458 663 1509 est.
703 1447 745 1507 Et
757 1466 828 1507 8888
841 1445 980 1524 pleraque
993 1445 1129 1524 exempla
1153 1464 1218 1504 cor·
1321 1469 1326 1480 ·

107 1538 264 1605 uptasuut:
285 1545 313 1588 v:
328 1528 459 1590 Erfurdt.
473 1529 511 1588 ad
525 1532 649 1607 Ajacem
663 1549 691 1588 v.
706 1535 774 1591 190.
815 1527 948 1600 Rectius,
970 1528 1083 1606 opinor,
1104 1538 1216 1588 statue-

108 1623 168 1683 rrus,
186 1621 328 1689 sequente
348 1609 436 1690 longa
459 1611 556 1672 vocali
579 1611 625 1671 vel
647 1610 704 1670 alia
728 1609 920 1691 diphthongo,
945 1628 1010 1688 888
1034 1610 1218 1669 commodam

107 1690 235 1766 symesin
243 1691 420 1765 admitteret,
430 1690 490 1752 aive
498 1693 645 1773 ‘synizesiu
653 1693 714 1753 sive
727 1692 876 1752 elisionem
891 1690 1037 1749 interdum
1051 1703 1218 1771 usurpatam

108 1784 166 1844 tue,
186 1792 276 1853 quum
290 1774 378 1832 etiarn
392 1775 469 1845 11811,
489 1785 626 1835 mouente
640 1774 750 1833 Koeuio
762 1773 801 1834 ad
815 1775 907 1852 Greg.
925 1774 993 1832 Cor.
1007 1792 1036 1851 p.
1064 1775 1130 1835 171.
1155 1783 1221 1832 tan·

110 1858 157 1910 tum
166 1865 306 1935 sequente
321 1882 339 1914 a
354 1855 483 1915 ultimam
498 1855 596 1916 elidat.
638 1856 717 1923 Quin
731 1855 877 1915 recentior
890 1854 1042 1932 tragoedia,
1064 1865 1098 1913 ut
1111 1853 1174 1913 aliis
1187 1854 1220 1911 iu

109 1934 178 1994 rebus
191 1936 283 2015 magis
297 1935 335 1995 ad
347 1935 595 2016 vulgarem'usum
608 1938 741 2010 accessit,
763 1938 804 1998 ita
821 1936 937 1996 ridetur
958 1935 1047 1996 etiam
1069 1935 1232 1997 elisionem·

112 2013 267 2096 diphthongi
280 2044 308 2077 aa
322 2036 381 2077 uon
395 2018 481 2096 plane
496 2019 683 2078 detrectasse.
1216 2014 1219 2023 ’

81 2124 83 2133 ·
141 2104 182 2160 11.
203 2098 337 2170 088818,
358 2118 423 2177 quae
437 2099 579 2178 inprimis
593 2101 630 2159 ab
646 2099 755 2160 Atticis
768 2100 890 2179 probata
902 2099 969 2171 fuit,
990 2098 1020 2156 in
1031 2098 1129 2157 multis
1139 2116 1220 2156 nunc
1300 2153 1302 2165 ,

81 2238 85 2259 ,Ι
114 2178 202 2240 artius
220 2180 380 2241 constituta
394 2191 449 2253 est,
470 2200 560 2259 quum
573 2184 621 2243 rob
635 2185 809 2261 dimisitque
823 2180 879 2239 alia
892 2178 1053 2256 scribimus,
1077 2177 1221 2256 quaeolim

115 2275 195 2334 purum
209 2273 347 2321 accurate
361 2263 570 2322 tractabantur.
611 2262 752 2322 Nondum
772 2273 870 2322 tamen
890 2261 954 2319 haec
978 2261 1053 2319 ratio
1079 2260 1157 2318 omni
1181 2275 1221 2318 ex

81 2336 87 2459 ἰ
116 2352 179 2415 parte
191 2343 347 2422 explanata
360 2355 415 2415 est,
436 2344 515 2423 quod
527 2344 673 2403 facturum
688 2362 751 2402 esse
767 2342 929 2403 Seidlerum
939 2360 1096 2421 speramus.
1132 2343 1222 2400 Certe

81 2468 88 2483 2
117 2435 224 2484 monstra
233 2434 312 2497 8881,
327 2444 393 2503 quae
403 2424 451 2483 hic
462 2426 532 2497 illic,
547 2425 683 2503 quoniam
693 2436 884 2502 augmentum
895 2442 954 2481 non
964 2423 1117 2482 videbatur
1128 2421 1224 2481 omitti

117 2516 136 2639 8
138 2506 244 2585 tragicis
257 2525 353 2585 posse,
375 2524 393 2565 a
405 2507 513 2567 criticis
526 2506 694 2567 introducta
703 2507 844 2580 videmus,
866 2517 898 2564 ut
912 2505 989 2585 apud
1006 2504 1178 2584 AEsohylum
1192 2503 1223 2560 iu

81 2626 84 2657 ,
135 2587 229 2649 ersisv.
242 2593 315 2650 190.

178 2667 278 2735 't'r-ie'dlr
292 2670 508 2744 estimabant,

117 2765 248 2847 88118888
260 2768 354 2847 magis
367 2768 439 2828 illud
452 2769 482 2828 in
496 2769 637 2830 Bruuclrii
650 2769 780 2828 editione
794 2766 868 2828 OEd.
883 2765 947 2827 Col.
963 2769 1052 2829 1605.

100 2856 103 2863 Ι
119 2870 122 2875 ’
178 2873 237 2929 uria
250 2868 280 2937 ἦν
293 2866 328 2928 ἴτ’
342 2875 420 2951 ripple
435 2868 498 2930 erilis
512 2868 544 2928 air
558 2872 646 2944 ἔφίιτο,

178 2949 352 3027 ’8818111111
367 2952 425 3016 Ζεὺς
438 2952 548 3028 χθόνιος,
568 2951 767 3034 8111888988

178 3031 300 3114 ’‘ipaeur,
320 3033 351 3098 ὣς
364 3031 480 3097 inurar.

81 3136 91 3213 1
116 3123 311 3209 Sadpraeclare
331 3129 493 3189 observavit
516 3129 673 3202 Seidlerus,
694 3129 724 3188 in
748 3129 921 3189 nunciorum
943 3126 1167 3198 narrationibus,
1192 3135 1225 3183 ut

81 3216 91 3347 8
114 3210 248 3291 88888181
259 3210 393 3270 carminis
406 3209 560 3291 quamdam
574 3211 791 3270 similitudinem
803 3212 941 3282 habeant,
963 3223 993 3270 et
1006 3211 1128 3269 fortasse
1136 3207 1224 3267 etiam

88 3298 93 3321 ·'
113 3287 164 3375 {liis
174 3292 346 3372 quibusdam
361 3292 392 3349 in
404 3293 595 3363 sermonibus,
616 3292 666 3371 qui
681 3293 718 3351 ad
732 3292 804 3351 illud
818 3311 910 3370 genus
924 3293 1026 3350 referri
1045 3289 1164 3370 possint,
1191 3299 1224 3347 ut

112 3366 137 3429 iu
152 3375 286 3452 gravibus
298 3372 460 3445 sententiis,
481 3364 687 3455 cujusmodi'in
698 3375 771 3433 locis
785 3374 853 3433 solis
866 3374 929 3433 istae
941 3372 1091 3452 augmenti
1105 3370 1223 3448 neglec-

111 3449 193 3514 111888
205 3455 397 3537 reperiantur,
418 3456 522 3514 minori
535 3456 691 3515 severitate
704 3457 733 3513 in
745 3455 898 3516 retinendo
912 3465 1069 3532 augmento
1083 3468 1223 3510 88888888

95 3560 98 3565 ·
111 3535 233 3613 tragicos.
276 3537 317 3595 Et
336 3536 471 3596 ridentur
484 3556 554 3596 sane
567 3547 680 3596 veteres
704 3537 763 3615 ipsi
776 3538 828 3596 has
842 3535 1048 3612 tragoediarum
1062 3542 1169 3610 partes,
1191 3540 1226 3587 ut

92 3617 245 3693 ¹psallites
259 3617 331 3696 quid
342 3617 495 3691 babentes,
514 3620 659 3678 aooeteris
693 3619 802 3678 artibus
815 3617 991 3689 distinxisse,
1011 3616 1035 3674 si
1049 3612 1167 3691 quidem
1188 3629 1227 3669 ex

107 3697 216 3758 1818188
229 3702 429 3778 conjecturam
442 3699 540 3760 facere
552 3700 631 3760 licet.
701 3700 861 3759 ocabautur
874 3697 952 3758 enim
973 3701 1046 3779 plere
1067 3693 1225 3769 8881818811
1337 3720 1342 3727 ’

107 3776 479 3841 1118Β81111811Α8881818
494 3783 609 3855 Graeca,
629 3782 687 3840 rol.
701 3781 727 3839 1.
747 3802 776 3859 p.
798 3785 847 3842 26.
889 3780 1012 3838 Craseos
1035 3777 1135 3857 primae
1158 3793 1224 3853 per·

106 3874 177 3921 muse
189 3863 347 3922 verborum
361 3863 539 3941 passivorum
554 3883 620 3922 oum
634 3874 775 3942 sequente
788 3861 881 3921 vocali
901 3861 982 3920 brevi
996 3857 1138 3938 ¹exempla
1159 3856 1224 3939 uide

105 3942 177 4023 qud
190 3943 391 4004 Gaisfordiuur
404 3944 443 4003 ad
458 3944 610 4025 Hephaest.
619 3965 650 4024 p.
663 3949 733 4003 222.
774 3943 914 4009 Quaedam
929 3943 959 4000 in
973 3943 1031 4000 hoc
1044 3957 1152 4018 gepere
1165 3937 1223 3996 sin·

182 4025 190 4039 '
223 4037 302 4098 suut,
323 4037 357 4085 ut
370 4032 415 4086 ul
430 4024 548 4099 881811,
568 4026 623 4084 8181
637 4026 667 4084 18
681 4025 858 4105 compositis,
879 4043 974 4102 neque
988 4041 1056 4082 cum
1070 4022 1110 4083 dd
1128 4020 1222 4083 crasin

202 4132 211 4169 1
231 4106 269 4168 de
284 4126 343 4187 qua
355 4127 388 4167 18
401 4125 429 4168 v.
443 4108 564 4168 Porsou.
584 4109 623 4168 81
637 4104 841 4167 Ρ11888.1122.

124 4193 188 4251 12.
222 4188 360 4269 seqnitur
385 4206 560 4260 8111188818,
589 4209 676 4269 88818
700 4190 785 4249 811818
811 4189 984 4264 scrupolose
1010 4195 1125 4244 vocant.
1177 4181 1223 4240 Ee

104 4268 331 4333 tieberrimaest
345 4271 376 4331 iu
389 4271 486 4332 littera
500 4296 524 4345 1,
532 4281 574 4333 ,ut
586 4291 652 4352 quae
667 4271 795 4330 omnium
808 4271 935 4334 maxime
945 4281 1066 4349 tenuem
1088 4266 1226 4325 celerem-
