2694 4866
217 198 220 204 ⁵
322 241 381 306 aa
403 241 648 331 cassamus
670 240 982 306 sraoenraun.
1141 251 1203 309 aaa

110 423 141 480 5.
175 413 405 476 S'rnoerrnaum
433 413 587 492 appellatio
610 411 814 492 complectitur
836 431 1050 493 quamcumque
1073 415 1200 495 plurium

68 512 205 558 versuum
234 493 490 566 consociationem,
518 514 584 573 quae
612 505 693 554 certa
718 494 784 573 lege
814 493 873 553 fiat.
915 495 1020 573 Itaque
1047 506 1077 554 et
1101 501 1199 576 epodi,

68 577 241 659 proodique,
263 587 294 637 et
313 576 438 655 plurium
460 595 519 634 non
534 594 677 635 nexorum
699 594 833 634 versuum
855 576 1024 654 conjunctio
1047 590 1129 638 recte
1156 584 1198 639 di.

10 674 20 713 t
68 660 147 720 citur
177 657 305 737 stropha.
346 658 521 736 Plerumque
556 668 654 716 tamen
689 666 845 716 sr'aoeum
876 659 1043 735 angustiore
1072 661 1200 738 quodam

67 741 234 819 significatu
257 739 404 810 dicuntur,
423 739 550 798 exclusis
563 736 664 819 epodis
676 738 861 819 praedisque,
876 757 935 797 non
949 739 1075 799 exclusis
1098 755 1198 805 autern

66 822 198 882 versibus
212 824 304 880 nexis.
1132 858 1135 866 ι
1239 882 1251 897 „

124 910 154 965 6.
187 900 296 963 Earum
328 900 387 959 duo
416 897 595 979 potissimum
616 920 733 981 generas
763 912 840 974 sunt,
873 916 1100 964 hurtauroans
1138 907 1200 970 rive

67 997 230 1056 nruoans,
262 995 292 1042 et
314 1000 539 1043 succurramus
571 984 631 1042 sive
659 1000 822 1054 marosas,
852 982 889 1042 de
911 984 1016 1061 quibus
1036 985 1077 1044 ita
1096 988 1198 1048 scribit

68 1067 230 1146 Dionysius
247 1064 509 1123 Halicarnassensis
523 1066 552 1123 in
567 1065 640 1124 libro
654 1066 692 1125 de
706 1083 801 1143 comp.
819 1064 898 1124 verb.
923 1083 950 1124 c.
970 1070 1017 1125 19.
1041 1087 1071 1144 p.
1091 1069 1201 1133 262‘05

66 1150 111 1227 pir
125 1145 167 1210 orit
181 1149 286 1229 ἆςχιῖοι
300 1148 437 1222 pracontal,
454 1146 520 1220 atyn
545 1145 570 1208 di
593 1148 713 1207 Ἀλκκῖἆν
735 1172 761 1206 τι
783 1153 829 1206 eal
844 1147 952 1221 Σαπφᾶ,
965 1151 1059 1230 μικζεὶς
1073 1150 1198 1211 ἰποιοῢκο

67 1231 191 1312 nmis,
206 1227 270 1289 ἔστι
284 1230 304 1288 ir
318 1232 413 1301 ὃλίγοις
426 1234 475 1293 τοῖς
489 1230 577 1296 κόλοις
593 1233 734 1295 trimetaria
747 1233 841 1301 ἀνῆγον
854 1232 1083 1305 emmeramni„
1098 1229 1199 1310 inpdoie

67 1336 94 1372 π
108 1310 178 1371 vairs
192 1314 297 1392 ἰχῷντο
311 1312 421 1382 ὀλίγαις·
442 1312 465 1368 ri
478 1308 503 1370 di
516 1318 572 1392 rugi
594 1310 743 1392 Στησίχοςᾶν
764 1334 790 1368 τι
802 1317 848 1369 aar
863 1307 993 1391 Hlsdoegor,
1007 1311 1107 1389 μείζους
1122 1314 1200 1394 ippu-
1235 1324 1239 1328 ’

10 1426 25 1439 ·-
65 1391 170 1469 &partu
190 1397 237 1458 τὰς
259 1388 393 1473 aagendam,
408 1396 440 1457 tit
454 1396 549 1450 πολλὲ
567 1393 647 1475 pirgos
667 1399 711 1451 ael
725 1396 799 1450 aare
813 1388 929 1468 διένειμαν
942 1396 1032 1462 αὐτοῖς,
1053 1398 1097 1454 οὐκ
1111 1395 1198 1456 ait-htv

25 1486 28 1493 '
64 1471 159 1542 *ιῆςό
177 1481 218 1540 τῖς
235 1479 378 1551 prendrait
391 1471 471 1553 't'qaern
513 1475 536 1531 οἱ
550 1471 574 1533 Χ
587 1499 618 1547 γι
631 1472 843 1555 διθνςιμβοποιοὶ
862 1483 908 1532 real
929 1475 985 1539 ‘rode
1005 1477 1110 1556 rgirravc
1123 1476 1198 1551 μιτί·

10 1610 12 1615 .
63 1565 176 1627 flami,
197 1557 305 1637 Anglovo
316 1575 343 1612 rt
356 1558 403 1613 roal
413 1555 536 1637 Φρυγίους
549 1552 715 1621 uidelicet
730 1556 750 1614 ir
763 1557 801 1631 aqi
811 1557 881 1632 αὖτᾷ
893 1552 994 1635 ᾅσματι
1008 1564 1140 1623 woroime·
1153 1562 1200 1619 arti

62 1639 111 1702 τὰς
124 1634 249 1714 μελῳδίαις
263 1638 425 1708 ἐξήλλαττον,
439 1637 495 1695 τοτὲ
507 1637 711 1718 piriragptorr'ovt
736 1643 867 1704 woroime,
889 1638 945 1695 rori
969 1634 994 1696 di
1016 1642 1198 1720 χςοματικιίς,

63 1718 120 1778 mi
134 1715 160 1778 >l
173 1716 305 1783 >taetrior
318 1721 364 1776 arti
378 1724 427 1784 τοῖς
442 1719 544 1798 ῥνθμοῖς
557 1723 627 1777 κατὰ
648 1721 744 1780 πολλὴν
759 1714 844 1776 dirior
858 1719 1054 1796 ἔνεξουσιέζοντες
1068 1717 1199 1793 distineor,

63 1799 130 1871 οἵγε
144 1797 171 1862 hl
184 1802 255 1859 sarri
265 1802 392 1871 Φιλόξενον
405 1805 451 1858 sal
463 1801 581 1875 Τιμόθεον
594 1803 642 1858 nai
656 1799 784 1867 Τελέστην·
798 1799 848 1857 istri
862 1800 936 1880 magri
957 1824 987 1870 ys
1010 1806 1060 1866 τοῖς
1080 1803 1198 1883 &egerite
1287 1867 1289 1871 ¹

62 1879 212 1958 maumites
225 1877 253 1948 ἦν
266 1885 311 1938 καὶ
327 1879 520 1963 o‘dtffi'rgrtpassre·
1194 1904 1198 1920 ¹

103 1965 134 2023 7.
155 1962 249 2038 Igitur
264 1977 491 2023 eaeremoniis
513 1961 580 2034 illae,
601 1959 705 2039 quibus
729 1981 788 2020 non
812 1962 900 2021 modo
915 1957 1067 2022 AEolenses
1085 1966 1192 2042 poeta,

64 2042 118 2102 sed
132 2042 338 2112 etiamlonici,
362 2053 393 2100 ut
410 2043 577 2112 Anacreon,
600 2043 643 2101 usi
663 2055 740 2107 sunt,
763 2043 952 2122 amplitudine
975 2045 1087 2117 breves,
1114 2064 1196 2105 com·

62 2123 206 2203 p0aitione
220 2123 366 2201 simplices
378 2123 470 2184 fuere.
513 2125 553 2183 Et
578 2123 822 2202 quemadmodum
847 2125 892 2198 hi,'
909 2143 981 2202 quos
1006 2127 1077 2199 dixi,
1098 2130 1198 2206 po'e'toe

61 2204 194 2266 carmina
207 2225 245 2265 ex
260 2225 318 2267 uuo
332 2225 440 2282 genere
460 2225 560 2265 versus
581 2219 816 2286 composuerunt,
832 2226 898 2284 quae
910 2211 982 2266 κατὰ
1002 2208 1089 2285 στίχοι
1103 2209 1194 2288 scrip·

63 2290 95 2346 ta
115 2298 266 2355 vocantur,
282 2287 367 2345 itaet
381 2288 505 2368 epodico
519 2287 573 2360 illo
583 2306 691 2364 genere
712 2287 755 2345 usi
778 2299 856 2358 sunt,
881 2288 1013 2366 strophas
1026 2309 1064 2347 ex
1078 2289 1194 2350 duobus

61 2369 190 2429 versibus
210 2369 360 2439 facientes,
381 2381 420 2440 et,
435 2369 533 2449 paullo
545 2368 660 2447 longius
674 2370 829 2446 progressi,
849 2381 919 2441 tres,
940 2381 1088 2448 quattuor,
1110 2370 1195 2448 quin·

62 2469 133 2530 que,
154 2461 223 2510 octo
243 2450 401 2511 versiculos
422 2452 452 2508 in
476 2470 563 2509 unam
592 2451 740 2528 stropham
772 2453 999 2529 conjunxerunt,
1020 2452 1070 2530 qui
1094 2458 1193 2513 versus
1283 2486 1286 2499 ι

61 2532 235 2611 plerumque
250 2551 305 2596 nec
320 2550 428 2610 genere
442 2532 527 2592 metri
541 2533 624 2591 valde
645 2533 750 2591 diversi
770 2539 848 2603 sunt,
870 2552 966 2610 neque
986 2533 1192 2612 complicatam

60 2614 300 2692 compositionem
324 2614 442 2675 habent.
488 2616 568 2675 Raro
588 2614 631 2684 iis,
654 2633 720 2691 quae
739 2613 878 2672 feminino
898 2634 1007 2691 genere
1035 2615 1122 2693 epodi
1146 2616 1191 2673 di·

59 2708 180 2765 cuntur,
202 2715 268 2754 usos
288 2695 388 2754 scribit
412 2698 515 2775 politas
546 2696 609 2754 illos
631 2695 799 2773 Dionysius.
842 2695 946 2773 Neque
968 2697 1135 2774 exemplum
1160 2697 1191 2755 in

58 2776 106 2836 his
128 2777 265 2856 reliquiis,
289 2793 375 2855 quas·
391 2777 479 2837 hodie
508 2777 657 2848 habemus,
688 2776 844 2837 invenitur.
884 2778 1071 2855 Omninoque
1095 2779 1190 2838 miuus

56 2860 281 2918 accommodata
293 2859 357 2917 haec
371 2860 445 2917 ratio
458 2858 573 2916 videtur
583 2858 761 2918 brevioribus
775 2857 829 2916 illis
844 2858 1027 2918 carminibus.

93 2944 128 3000 8.
150 2942 389 3001 Receurromrs·
404 2952 502 3000 autem
516 2941 654 3020 strophae,
669 2951 701 2999 ut
716 2939 916 3018 magnitudine
935 2941 1113 3020 antiquiores
1126 2941 1189 3002 illas

55 3020 147 3101 longe
161 3032 308 3100 superant,
322 3023 364 3082 ita
376 3042 562 3081 numerorum
576 3023 728 3093 varietate,
742 3021 954 3100 artificiosaque
969 3019 1188 3102 compositione,

57 3123 124 3183 quae
145 3115 177 3162 ct
206 3123 341 3164 versuum
363 3123 422 3162 non
453 3123 595 3162 nexorum
623 3116 653 3162 et
673 3114 864 3181 systematum
886 3104 1060 3182 multiplices
1080 3105 1188 3165 formas

57 3184 274 3264 complectitur,
295 3185 417 3264 magnis,
439 3186 585 3263 gravibus,
607 3184 828 3244 vehementibus
847 3185 935 3243 animi
950 3187 1077 3244 motibus
1091 3188 1187 3264 expri-

58 3266 173 3326 mendis
187 3267 279 3326 multo
299 3269 426 3346 aptiores
445 3279 522 3326 sunt.
564 3269 637 3332 Quae
651 3265 773 3325 varietas
793 3265 1039 3344 quemadmodum
1062 3280 1188 3345 augetur

59 3349 153 3429 epodo
168 3348 280 3407 duabus
288 3349 413 3428 strophis
427 3349 570 3426 subjecta,
584 3349 635 3418 ita,
650 3347 808 3425 prae'sertim
823 3347 846 3404 si
860 3347 948 3426 longa
963 3359 1032 3406 sunt
1046 3350 1185 3420 carmina,

60 3431 144 3510 opodi
166 3430 222 3488 illae
242 3430 360 3490 nimiam
381 3432 412 3488 in
435 3431 539 3491 eodem
563 3427 670 3488 affectu
687 3429 931 3508 perseverantiam
955 3429 1035 3487 suavi
1059 3430 1186 3506 quodam

61 3521 288 3592 temperamento
312 3513 446 3590 mitigant
468 3522 498 3570 et
521 3511 642 3570 leniunt
685 3511 767 3569 Hinc
790 3510 869 3589 apud
895 3511 1002 3588 lyricos
1026 3509 1186 3571 Dorienses

62 3589 120 3653 hec
134 3593 258 3674 epodica
280 3594 354 3654 ratio
368 3594 482 3653 caeteris
506 3594 625 3672 praelata
648 3594 799 3670 reperitur.
842 3591 961 3669 Tragici
979 3603 1077 3650 autem
1091 3593 1183 3652 rarius

64 3691 123 3734 eam
138 3686 324 3754 usurparunt,
339 3687 370 3735 et
382 3676 424 3735 sic
439 3687 563 3746 tantum,
579 3685 611 3733 ut
624 3675 751 3752 strophae
765 3685 853 3752 atque
867 3672 1054 3750 antistropha
1068 3673 1184 3733 tertiam

61 3756 93 3816 ab
107 3756 151 3817 his
165 3757 308 3815 diversam
322 3759 470 3836 stropham
483 3756 687 3834 adjungerent,
702 3776 760 3816 non
775 3758 873 3826 etiarn,
889 3766 921 3813 ut
935 3767 994 3813 tres
1017 3755 1085 3812 istas
1109 3767 1184 3814 stro·

58 3835 126 3909 phas
139 3838 243 3917 saepius
264 3850 440 3917 repeterent.
483 3839 632 3916 Repetitio
653 3839 729 3897 enirn
744 3838 799 3897 ista
812 3837 1036 3917 aequabilitatem
1050 3834 1185 3896 habitura

58 3912 157 3979 fuisset
171 3921 315 4000 propriam
330 3919 430 3998 lyricae
443 3923 574 3999 poe'seos,
589 3941 654 3999 quae
668 3921 759 3999 magis
773 3919 802 3976 in
823 3917 1079 3997 contemplatione,
1094 3936 1181 3996 quam

57 3992 218 4061 iunctione
232 4013 381 4062 versatur:
402 4001 481 4081 quod
495 4013 598 4059 contra
613 4003 641 4059 in
657 4000 809 4080 tragoedia,
835 4019 919 4078 quarn
944 4011 1093 4058 actuosam
1117 4019 1181 4060 esse

53 4073 152 4158 decet,
162 4084 258 4164 aptior
273 4084 333 4144 visa
343 4095 388 4144 est
403 4092 587 4143 unatantum
602 4087 743 4164 cujusque
756 4081 883 4163 strophae
896 4080 1019 4145 iteratio.
