2694 4866
167 334 210 396 xii
585 363 589 372 ·
612 324 862 388 Dameam

170 499 294 563 necubi
309 516 384 572 raro,
397 497 448 557 ubi
462 495 579 556 aliunde
599 494 672 553 nibil
685 493 786 554 auxilii
800 493 922 568 videret,
943 496 980 555 ad
1001 496 1205 575 grammaticos
1229 517 1302 558 con·

168 601 296 679 fugiens,
310 595 457 676 egregiam
475 594 569 675 poiitis
582 592 706 666 Graecis,
729 591 847 671 tragicis
867 593 1046 672 potissimum
1070 605 1159 674 atque
1184 595 1300 656 Aristo·

168 697 268 778 phuni,
281 697 352 756 licet
372 714 449 775 soepe
472 690 670 752 violentiorem
693 709 813 770 operam
836 691 1011 770 praestando,
1035 712 1093 772 quo
1118 693 1299 773 imperiosius

168 797 207 857 de
219 797 266 855 bis
280 796 366 855 rebus
378 790 601 874 pronunciabat,
616 800 698 849 tanto
712 793 851 871 majorem
871 800 902 849 et
923 791 1127 851 auctoritatem
1152 802 1182 852 et
1206 793 1299 852 admi·

168 896 310 956 rationem
326 901 523 971 consequutus
536 901 591 949 est.
633 888 710 948 Nam
734 887 857 948 audacia
877 900 907 948 et
928 888 1036 949 fiducia
1058 890 1088 948 in
1112 890 1215 951 litteris
1238 912 1298 951 non

168 994 272 1062 minus,
294 1010 380 1071 quam
405 989 435 1048 iu
459 987 579 1067 proeliis,
603 1005 643 1047 ex
666 996 747 1046 metu
769 986 919 1046 victoriam
942 987 1067 1068 pariunt.
1119 989 1193 1049 lude
1219 984 1299 1069 apud

169 1101 313 1153 nostrates
329 1087 457 1158 Reiaius,
471 1096 635 1166 praeceptor
648 1103 740 1158 meus,
754 1084 798 1142 vir
811 1085 945 1145 doctrina
957 1086 1066 1166 pariter
1079 1098 1166 1166 atque
1180 1087 1299 1166 ingenio

168 1188 303 1257 eximius,
325 1186 461 1266 idemque
490 1202 620 1244 summus
649 1181 808 1242 admIrator
829 1183 964 1256 Bentleii,
993 1185 1116 1244 multum
1140 1185 1228 1244 studii
1256 1184 1298 1247 rei

170 1286 300 1347 metricae
324 1282 481 1364 impendit:
508 1293 629 1361 eratque
647 1280 697 1340 ille
716 1281 746 1339 iu
761 1280 820 1342 boc
840 1301 949 1359 genere
968 1282 1097 1343 omnium
1111 1302 1147 1343 eo
1168 1295 1299 1363 tompore

169 1383 249 1444 baud
263 1382 352 1444 dubie
365 1380 570 1462 peritissimum
590 1379 642 1440 sed
656 1398 756 1459 quum,
770 1380 883 1453 atacis,
898 1380 1065 1454 Bliimnere‚
1088 1392 1192 1442 natura
1213 1383 1298 1444 valde

170 1483 402 1562 circumspectus
415 1491 446 1540 et
459 1479 556 1539 lentus
576 1489 663 1551 esset,
678 1497 737 1538 non
759 1489 819 1538 tam
834 1478 872 1538 ad
884 1498 984 1540 aurem
999 1481 1137 1559 exigebat
1150 1495 1297 1555 numeros,

171 1599 259 1662 quam
273 1579 363 1661 pedes
376 1578 475 1658 digitis
486 1578 673 1637 numerabat:
687 1576 865 1657 meminique
881 1597 928 1638 me
938 1578 1197 1652 adolescentulum,
1208 1599 1300 1658 quum

71 1748 74 1759 ,
170 1679 269 1740 Plauti
284 1677 452 1739 Rudentem
472 1675 583 1749 ederet,
606 1676 692 1755 eique
715 1674 745 1733 in
767 1675 913 1735 erroribus
936 1676 1101 1757 typothetae
1120 1676 1299 1755 corrigendis

172 1778 289 1859 adjutor
299 1794 403 1848 essem,
416 1793 505 1854 saepe,
519 1772 544 1833 si
557 1772 629 1852 quid
641 1773 671 1832 in
685 1782 780 1832 metro
793 1773 979 1849 offenderem,
994 1775 1079 1855 eique
1091 1774 1297 1853 significarem:

173 1874 338 1955 siguificare
351 1884 450 1934 autem
464 1872 526 1952 ipse
536 1875 676 1952 jusserat:
689 1882 770 1932 tanta
778 1872 854 1931 enim
868 1872 899 1931 in
913 1872 962 1932 illo
975 1873 1037 1932 viro
1050 1884 1112 1932 erat
1125 1873 1299 1946 humanitas,

171 1983 206 2032 ut
230 1991 268 2033 ne
288 1990 308 2033 a
329 1969 478 2051 discipulis
501 1967 619 2050 quidem
643 1967 755 2028 moneri
780 1967 949 2028 indecorum
969 1968 1102 2042 duceret,
1126 1969 1196 2049 quin
1218 1989 1255 2030 ea
1268 1989 1300 2030 re

168 2071 257 2132 etiam
271 2070 432 2151 gauderetr
451 2080 514 2129 tum
537 2068 627 2147 igitur
648 2065 765 2128 memini
787 2065 812 2129 si
836 2067 990 2129 recitarem
1012 2088 1113 2129 versus
1136 2068 1213 2141 illos,
1238 2089 1297 2148 quo

123 2242 126 2250 Ι
168 2170 215 2241 vel
238 2169 350 2241 vitium,
371 2168 419 2228 rel
442 2168 592 2229 meliorem
615 2166 788 2246 scripturam
811 2165 981 2240 iudicarem,
1005 2176 1024 2207 ·‘
1047 2167 1163 2240 lentius,
1188 2187 1297 2248 quaeso,

163 2268 347 2342 ,“-lentius,”
373 2287 441 2328 eum
464 2265 535 2325 mibi
557 2266 665 2337 dicere,
690 2284 726 2324 ac
747 2275 810 2324 tum
834 2264 995 2344 exploratis
1007 2265 1046 2325 ad
1059 2266 1165 2344 digitos
1178 2267 1299 2345 singulis

165 2365 305 2447 pedibus,
325 2364 350 2424 si
373 2375 455 2424 recte
484 2362 630 2423 monuisse
651 2362 774 2435 viderer,
795 2362 891 2422 textui
919 2361 1055 2435 inserere,
1079 2364 1216 2443 quoniam
1232 2385 1300 2426 non

171 2464 281 2525 fidebat
308 2482 393 2524 aures
419 2462 495 2523 solas
518 2462 671 2522 consulere
695 2471 820 2522 assueto.
870 2462 947 2521 Nam
967 2483 1033 2543 ego,
1056 2464 1191 2543 quoniam
1213 2465 1301 2524 etiam

173 2561 212 2622 de
225 2561 349 2642 meipso
362 2560 434 2620 mibi
446 2559 604 2620 dicendum
617 2559 714 2633 video,
738 2579 756 2620 a
768 2579 860 2640 puero
878 2572 990 2622 naturae
1012 2563 1138 2642 quodam
1162 2562 1300 2622 instinctu

173 2659 296 2722 mirifice
315 2678 394 2720 eram
414 2658 542 2718 numeris
562 2657 737 2719 delectatus:
759 2658 800 2718 ita
814 2670 847 2718 ut
857 2663 918 2740 jam
931 2647 982 2720 illo
995 2671 1137 2741 tempore,
1158 2679 1217 2740 quo
1230 2661 1303 2719 nihil

171 2752 273 2820 noram
288 2757 342 2819 nisi
355 2757 519 2818 Gellertum
534 2768 564 2818 et
578 2757 693 2817 cantica
706 2756 915 2830 ecclesiastica,
944 2760 1085 2831 versibus,
1110 2759 1160 2838 qui
1181 2759 1227 2819 vel
1240 2757 1302 2820 ma·
1318 2776 1322 2781 ’

167 2857 219 2938 ‘gia
233 2859 340 2932 sonori,
353 2857 399 2917 vel
414 2855 648 2916 insolentioribus
667 2856 913 2937 numeris'essent
936 2867 967 2916 et
991 2857 1133 2917 retinerer
1152 2857 1247 2930 valde,
1272 2869 1303 2918 et

169 2975 229 3017 eos
248 2957 307 3016 alta
330 2973 403 3014 voce
424 2953 548 3015 recitare
572 2953 746 3032 gauderem:
774 2954 927 3034 quumque
945 2953 1100 3034 aliquando
1130 2955 1203 3015 alius
1229 2973 1304 3034 puer

174 3051 432 3113 immemorabilem
459 3051 545 3111 istam
575 3038 858 3129 Gottscblingianam
893 3052 1052 3114 editionem
1080 3053 1197 3113 Horatii
1225 3053 1304 3133 apud

166 3172 222 3213 =me
236 3151 413 3232 reliquisset:
433 3170 501 3210 nam
525 3170 582 3230 ego
595 3169 692 3230 neque
705 3150 848 3210 habebam
862 3151 1030 3225 Horatium,
1045 3151 1195 3232 multoque
1208 3151 1304 3211 miuus

171 3250 386 3331 intelligebamz
408 3249 458 3309 ubi
477 3259 571 3309 metra
591 3250 631 3309 ibi
654 3249 782 3309 indicata
805 3268 1009 3332 cognoveram,
1033 3269 1227 3330 magnacum
1252 3271 1303 3310 vo·

153 3350 285 3430 luptate
299 3367 399 3409 nunus
421 3366 624 3408 oacreraasn
639 3367 732 3411 souo.
774 3350 855 3422 Post,
874 3369 965 3429 quum
987 3350 1100 3410 Graecis
1123 3349 1226 3410 litteris
1250 3350 1304 3408 im-

170 3447 222 3509 bui
236 3447 399 3527 coepissem,
419 3458 680 3527 praeceptoresque
707 3465 779 3526 quos
802 3447 955 3520 habebam,
971 3446 1212 3508 Reuchlinianam
1236 3467 1303 3528 pro-

171 3547 403 3620 nunciationem,
423 3565 482 3626 qua
494 3544 566 3605 nibil
580 3545 706 3604 numeria
720 3545 853 3604 infestius
868 3545 991 3624 cogitari
1015 3557 1121 3625 potest,
1148 3566 1305 3625 sequeren-

142 3664 145 3669 ·
172 3658 231 3719 tur,
246 3647 309 3728 ipse
322 3646 393 3706 mibi
406 3646 579 3726 aliamque
591 3644 654 3704 fere
666 3644 705 3703 ad
719 3637 900 3703 Erasmicam
913 3644 1079 3717 accederet,
1103 3666 1142 3706 ex
1167 3645 1213 3717 iis,
1237 3666 1303 3724 qua

174 3745 348 3825 conquirere
368 3742 509 3824 poteram,
529 3742 658 3824 vestigiis
682 3741 865 3815 concinnavi,
890 3760 984 3821 eaque
999 3755 1085 3804 extra
1098 3743 1223 3817 scholas,
1244 3765 1303 3824 quo

174 3858 311 3903 numeros
323 3841 450 3921 legendo
463 3842 668 3922 exprimerem,
688 3861 757 3900 usus
771 3859 846 3902 sum.
886 3841 935 3900 Ita
947 3860 1038 3921 quum
1051 3861 1147 3920 neque
1162 3842 1302 3902 Graecum

173 3937 276 4012 ullum,
296 3959 392 4019 neque
407 3940 572 4000 Romanum
586 3944 700 4018 poitam
713 3938 807 4012 aliter,
821 3957 909 4018 quam
934 3940 973 3999 ad
995 3957 1132 3998 numeros
1157 3959 1305 4012 versuum,

22 4042 26 4052 “
99 4084 102 4091 .
173 4036 272 4116 legere
294 4039 519 4111 consuevissem,
543 4056 637 4117 eaque
660 4055 699 4100 ex
723 4057 755 4097 re
779 4039 903 4120 multum
927 4038 1085 4119 voluptatis
1109 4040 1301 4120 perciperem,

163 4135 324 4218 'paullatim
337 4136 471 4197 doctriua
481 4136 613 4217 quaedam
623 4154 810 4196 numerorum
821 4137 891 4196 mibi
905 4139 1031 4200 subnata
1044 4150 1098 4219 est,
1113 4138 1165 4198 sed
1179 4139 1303 4211 catalis,

175 4247 208 4296 ut
222 4235 314 4319 nullas
328 4238 391 4315 ejus
412 4253 527 4296 caussas
548 4235 742 4315 rationesque,
764 4247 871 4313 praeter
894 4254 1010 4296 sensum
1034 4236 1189 4314 quemdam
1213 4248 1303 4316 atque

46 4416 48 4421 ἲ
142 4330 145 4337 ’
175 4353 270 4410 usum,
284 4335 462 4416 inpromptu
477 4334 626 4397 haberem.
669 4337 717 4396 Ac
731 4336 782 4398 diu
795 4335 916 4396 fortasse
929 4333 976 4394 bae
990 4334 1116 4396 rationes
1138 4354 1184 4396 me
1204 4332 1304 4396 latuis·
