2694 4866
357 217 482 279 ela-1.
504 214 596 277 CAP.
609 213 654 273 ·'X.
675 212 733 273 DE
755 213 983 277 Puosonlm
1188 223 1227 284 27

199 441 207 464 r
250 438 259 463 Ι

182 472 340 504 --w

181 683 325 701 ——q—

182 765 307 796 ——U

100 837 312 900 Verumtamen
325 814 545 917 palimbacchio,
567 849 601 897 ut
613 836 738 911 videtur,
758 835 962 917 ¹abstinuerunt
972 847 1095 912 veteres,
1109 837 1227 898 nimiam

98 919 179 980 banc
193 918 257 980 fore
269 917 416 982 licentiam
429 918 493 980 rati.

567 1189 680 1266 CAP.
708 1189 758 1265 Χ.

508 1398 564 1446 DE
590 1356 821 1449 Pssbsomn.

134 1566 163 1621 1.
173 1557 319 1619 Tnnrrus
334 1556 446 1628 modus,
462 1577 520 1637 quo
534 1560 623 1618 verba
636 1558 762 1618 numeris
774 1568 919 1637 aptantur,
933 1557 962 1616 in
972 1559 1109 1639 prosodia
1118 1558 1228 1639 positus

103 1652 158 1700 est.
199 1640 273 1700 Eam
287 1638 424 1698 latissimo
438 1638 603 1718 significatu
616 1639 750 1713 dicimus,
765 1659 881 1699 omnem
895 1639 1089 1718 intelligentes
1099 1660 1228 1719 pronun·

105 1719 269 1794 ciationem,
298 1720 530 1799 quibuscumque
554 1740 590 1783 ea
616 1721 647 1778 in
672 1723 749 1781 vocis
777 1721 1054 1780 conformationibus
1082 1734 1227 1781 cernatur.

108 1800 200 1880 Cujus
213 1802 265 1874 rei,
287 1820 352 1880 quae
364 1801 500 1862 latissime
513 1810 605 1880 petet,
627 1803 698 1861 etin
713 1801 849 1882 plurimas
862 1813 960 1881 partes
968 1802 1071 1862 diffusa
1081 1814 1135 1875 est,
1150 1813 1229 1862 eate-

107 1900 159 1940 nus
183 1894 297 1942 tantum
320 1881 498 1941 mentionem
520 1881 670 1955 faciemus,
701 1884 798 1962 quood
819 1903 855 1943 ea
878 1903 946 1942 cum
967 1883 1094 1943 numeris
1121 1886 1229 1943 arctius

109 1965 265 2040 conjuncta
286 1974 342 2034 est,
362 1973 393 2022 et
414 1963 471 2022 hoc
487 1982 603 2044 quoque
623 1965 675 2033 sic,
694 1976 729 2024 ut
743 1965 948 2024 adumbremus
961 1965 1054 2043 magis
1067 1965 1143 2024 hauc
1158 1965 1229 2024 doc-

106 2042 220 2117 trinam,
248 2063 335 2123 quam
362 2055 582 2122 pertractemus.
632 2047 806 2105 Continetur
831 2066 866 2105 ea
893 2057 992 2104 autem
1018 2046 1063 2104 his
1087 2046 1228 2126 pertibus,
1287 2044 1309 2061 ”

108 2141 350 2185 conuonrrnre
373 2142 491 2199 unser,
520 2144 672 2187 nocnnru
700 2144 962 2200 vocsaunonuru,
992 2145 1085 2187 voc1s
1115 2146 1232 2186 runnu·

110 2212 213 2279 stoue,
234 2223 535 2268 runcaruucrroum

146 2292 175 2346 2.
195 2288 245 2346 Ex
258 2288 305 2348 his
318 2292 423 2347 uniar
439 2306 712 2349 comuonrrnrnru
726 2287 768 2348 ita
789 2288 922 2362 dicimus,
936 2299 976 2348 ut
990 2308 1026 2348 ea
1038 2300 1137 2368 pateat
1150 2289 1229 2348 latis-

111 2367 187 2428 sime.
228 2368 393 2430 Referimus
407 2370 485 2429 enim
499 2371 536 2431 ad
550 2371 608 2430 hoc
621 2388 714 2450 genus
728 2389 828 2430 omues
848 2371 910 2430 illas
931 2390 1073 2429 mensurae
1094 2371 1232 2443 rationes,

111 2466 172 2542 (pue
180 2469 240 2508 non
254 2470 293 2510 ex
308 2449 437 2529 reliquie,
460 2471 531 2531 quas
545 2453 703 2532 posuimus,
724 2452 864 2530 partibus,
886 2463 1022 2525 accentu,
1044 2452 1122 2512 vocis
1136 2453 1232 2512 inten·

109 2547 197 2602 eone,
219 2531 453 2610 interpunctione
475 2534 616 2594 oriuntur.
660 2533 713 2591 Eae
736 2534 863 2594 rationes
876 2532 986 2612 positae
1010 2545 1080 2592 sunt
1101 2534 1131 2592 in
1156 2551 1231 2594 rno-

112 2626 329 2673 nucrroumus
352 2633 394 2675 nr
415 2632 700 2676 connnrmorunus
715 2633 864 2674 enoernn
880 2633 1035 2687 murnum,
1057 2633 1096 2695 nr¹
1109 2633 1228 2689 urere,

110 2707 144 2750 nt
157 2711 320 2767 rnrsrour,
341 2713 379 2756 ru
392 2714 502 2769 cnnsr,
524 2714 561 2756 ru
575 2714 732 2756 srmzesr.

146 2781 173 2836 3.
194 2777 244 2835 Ac
265 2795 527 2840 ranuncrrouuru
553 2795 875 2842 coannrrrouuneun
896 2778 960 2836 aliae
973 2778 1011 2836 ad
1025 2778 1101 2836 solas
1114 2778 1230 2838 vocales

109 2855 261 2933 pertinent.
301 2866 368 2931 Quo
392 2859 423 2916 in
446 2877 554 2938 genere
578 2858 670 2934 multo
693 2858 825 2918 usitatior
850 2877 1034 2919 ruonucrro
1060 2871 1114 2930 est,
1144 2878 1232 2938 quam

105 2938 260 3018 correptio.
304 2942 343 3001 Et
366 2941 459 3022 primo
480 2940 607 3019 quidem,
629 2945 719 3018 qdum
732 2941 830 3013 verba,
851 2940 882 2998 iu
896 2941 1001 3019 quibus
1015 2939 1124 3020 plures,
1145 2960 1232 3020 quam

109 3028 230 3077 metrum
243 3020 361 3102 patitur,
381 3024 483 3082 breves
498 3021 617 3100 syllabae
631 3040 773 3080 connexae
786 3033 864 3092 sunt,
885 3041 947 3081 non
960 3022 1044 3081 aliter
1058 3040 1145 3100 quam
1166 3042 1233 3100 pro·

109 3097 239 3160 ducenda
252 3123 311 3163 une
320 3123 419 3164 earum
432 3103 525 3182 aptari
538 3113 633 3161 metro
648 3101 768 3180 possint,
790 3103 866 3182 epici
878 3115 1003 3174 veteres,
1025 3122 1150 3181 quorum
1163 3104 1228 3162 haec

106 3177 219 3240 licentia
230 3186 346 3265 propria
358 3196 413 3258 est,
437 3185 560 3263 primam
581 3203 619 3243 ex
633 3183 677 3241 his
690 3182 806 3261 syllabis
834 3184 1054 3262 producendam
1076 3184 1226 3244 existima·

108 3273 182 3335 runt,
202 3263 244 3323 ita
257 3267 384 3344 quidem,
404 3275 438 3324 ut
451 3264 482 3324 id
502 3265 532 3323 in
546 3265 602 3324 arsi
616 3263 799 3342 dactylorum
813 3265 907 3338 fieret,
929 3285 993 3344 quae
1007 3265 1037 3324 iu
1059 3267 1117 3325 boc
1142 3266 1229 3345 pede,

109 3341 155 3419 qui
167 3343 284 3405 citatior
296 3360 350 3420 eet,
372 3345 518 3426 aptissima
531 3357 577 3405 est
600 3344 757 3405 efficiendae
780 3347 975 3426 productioni.
1018 3347 1100 3406 Hinc
1114 3350 1229 3416 imbue,

108 3423 249 3508 θηκτὶςις,
269 3427 416 3508 ἀκάματος,
436 3428 596 3499 deoderici,
611 3438 642 3486 et
652 3426 744 3497 multa
753 3427 919 3508 hujusmodi
927 3429 1078 3500 vocabula,
1093 3431 1231 3507 quoniam

108 3501 187 3564 aliter
207 3509 410 3569 abstinendum
432 3508 466 3567 iis
487 3509 575 3581 foret,
603 3509 726 3587 primam
748 3509 826 3588 apud
851 3511 949 3588 epicos
971 3511 1087 3588 longam
1112 3510 1231 3570 habent.

109 3582 245 3664 Idemque
258 3590 291 3650 fit
304 3611 395 3669 quum
404 3590 565 3669 composita
578 3601 655 3667 sunt,
671 3600 704 3649 ut
718 3591 904 3665 ἰξιπονὲισᾶιι.
932 3591 1114 3656 Quibusdam
1124 3589 1230 3649 horum

108 3668 255 3729 verborum
270 3691 308 3730 ex
322 3672 414 3731 multo
429 3691 483 3731 usu
496 3671 746 3748 itaedbaesithaec
755 3690 898 3742 mensura,
915 3682 948 3730 ut
959 3690 995 3731 ea
1004 3672 1034 3728 in
1045 3690 1230 3731 communem

110 3747 206 3809 abierit
226 3752 482 3814 consuetudinem:
503 3766 537 3813 ut
560 3753 670 3812 factum
694 3764 739 3812 est
762 3753 793 3810 in
814 3754 932 3812 nomine
952 3754 1091 3823 ἀθέατος,
1111 3752 1149 3811 de
1170 3773 1230 3833 quo

111 3827 161 3890 tid.
175 3831 296 3895 Person.
309 3834 348 3893 ad
361 3835 464 3913 Eurip.
478 3835 563 3895 Med.
577 3839 646 3896 139.
662 3836 688 3895 1.
701 3854 731 3913 p.
754 3839 801 3896 16.
833 3833 893 3894 Sed
906 3834 971 3894 aliie
989 3834 1117 3913 syllabae,
1143 3855 1230 3914 quam

113 3910 203 4051 gtidrpa,
214 3915 253 4058 1αὲ
259 3915 413 4059 productae
422 3917 622 3996 reperiuntur,
643 3915 681 3976 de
695 3915 900 3977 emendatione
915 3914 1105 3996 cogitandum
1117 3928 1172 3988 est,
1197 3927 1230 3976 ut

171 4023 196 4054 κο
283 4041 292 4058 ο

181 4103 227 4165 fiir
241 4093 468 4174 ὶὶηταλοφαίῖια
483 4096 556 4182 Piger
571 4098 612 4158 ixl
626 4105 670 4164 riu
683 4097 812 4176 μίλαιναν,

104 4185 153 4244 'tbi
165 4196 371 4269 grammaticis,
393 4196 639 4276 comparationem
663 4195 799 4256 similium
823 4195 974 4256 nominum
998 4194 1229 4274 respicientibus,

118 4261 200 4332 deberi
213 4275 278 4337 hec
292 4277 436 4357 scriptura
447 4278 576 4341 videtur:
597 4297 665 4340 nam
679 4278 798 4341 codices
811 4279 952 4361 plerique,
974 4276 1130 4340 Eustathio
1143 4288 1227 4347 teste,
