<?xml version="1.0" encoding="UTF-8"?>
<!DOCTYPE html PUBLIC "-//W3C//DTD XHTML 1.0 Transitional//EN"
    "http://www.w3.org/TR/xhtml1/DTD/xhtml1-transitional.dtd">
<html xmlns="http://www.w3.org/1999/xhtml" xml:lang="en" lang="en">
 <head>
  <title>
</title>
<meta http-equiv="Content-Type" content="text/html;charset=utf-8" />
  <meta name='ocr-system' content='tesseract 3.04.00' />
  <meta name='ocr-capabilities' content='ocr_page ocr_carea ocr_par ocr_line ocrx_word'/>
</head>
<body>
  <div class='ocr_page' id='page_1' title='image "./elementadoctrin00hermgoog_0183.png"; bbox 0 0 2694 4866; ppageno 0'>
   <div class='ocr_carea' id='block_1_1' title="bbox 108 317 808 395">
    <p class='ocr_par' dir='ltr' id='par_1_1' title="bbox 108 317 808 395">
     <span class='ocr_line' id='line_1_1' title="bbox 108 317 808 395; baseline -0.004 -9"><span class='ocrx_word' id='word_1_1' title='bbox 108 335 168 395; x_wconf 79' lang='lat'><strong>148</strong></span> <span class='ocrx_word' id='word_1_2' title='bbox 459 322 542 385; x_wconf 86' lang='lat' dir='ltr'><strong>LIB.</strong></span> <span class='ocrx_word' id='word_1_3' title='bbox 563 323 605 384; x_wconf 92' lang='lat'><strong>11.</strong></span> <span class='ocrx_word' id='word_1_4' title='bbox 625 320 719 383; x_wconf 82' lang='lat' dir='ltr'>CAP.</span> <span class='ocrx_word' id='word_1_5' title='bbox 741 317 808 383; x_wconf 80' lang='lat' dir='ltr'><strong>XX·</strong></span> 
     </span>
    </p>
   </div>
   <div class='ocr_carea' id='block_1_2' title="bbox 109 514 1224 872">
    <p class='ocr_par' dir='ltr' id='par_1_2' title="bbox 187 514 430 593">
     <span class='ocr_line' id='line_1_2' title="bbox 187 514 430 593; baseline -0.012 -15"><span class='ocrx_word' id='word_1_6' title='bbox 187 515 306 593; x_wconf 61' lang='lat' dir='ltr'><strong>dmpsit</strong></span> <span class='ocrx_word' id='word_1_7' title='bbox 314 514 430 589; x_wconf 63' lang='grc' dir='ltr'><strong>ὶσφιλῖς</strong></span> 
     </span>
    </p>

    <p class='ocr_par' dir='ltr' id='par_1_3' title="bbox 109 595 1224 872">
     <span class='ocr_line' id='line_1_3' title="bbox 187 595 427 676; baseline -0.013 -17"><span class='ocrx_word' id='word_1_8' title='bbox 187 596 303 676; x_wconf 56' lang='lat' dir='ltr'><strong>&amp;dfatim</strong></span> <span class='ocrx_word' id='word_1_9' title='bbox 315 595 427 675; x_wconf 61' lang='grc' dir='ltr'><strong>ἃμῆτι.</strong></span> 
     </span>
     <span class='ocr_line' id='line_1_4' title="bbox 109 699 1224 790; baseline -0.019 -13"><span class='ocrx_word' id='word_1_10' title='bbox 109 712 230 777; x_wconf 81' lang='lat' dir='ltr'><strong>Addam</strong></span> <span class='ocrx_word' id='word_1_11' title='bbox 243 731 337 790; x_wconf 91' lang='lat' dir='ltr'><strong>pauca</strong></span> <span class='ocrx_word' id='word_1_12' title='bbox 350 710 387 770; x_wconf 91' lang='lat' dir='ltr'><strong>de</strong></span> <span class='ocrx_word' id='word_1_13' title='bbox 400 709 499 769; x_wconf 90' lang='lat' dir='ltr'><strong>multis</strong></span> <span class='ocrx_word' id='word_1_14' title='bbox 513 709 583 769; x_wconf 86' lang='lat' dir='ltr'><strong>alia:</strong></span> <span class='ocrx_word' id='word_1_15' title='bbox 605 708 687 785; x_wconf 84' lang='lat' dir='ltr'><strong>Sept.</strong></span> <span class='ocrx_word' id='word_1_16' title='bbox 700 705 739 764; x_wconf 89' lang='lat' dir='ltr'><strong>ad</strong></span> <span class='ocrx_word' id='word_1_17' title='bbox 753 703 809 764; x_wconf 87' lang='lat' dir='ltr'><strong>Th.</strong></span> <span class='ocrx_word' id='word_1_18' title='bbox 824 707 894 764; x_wconf 79' lang='lat'><strong>903.</strong></span> <span class='ocrx_word' id='word_1_19' title='bbox 909 707 979 763; x_wconf 78' lang='lat'><strong>904.</strong></span> <span class='ocrx_word' id='word_1_20' title='bbox 994 699 1099 780; x_wconf 87' lang='lat' dir='ltr'><strong>quibus</strong></span> <span class='ocrx_word' id='word_1_21' title='bbox 1122 714 1224 779; x_wconf 86' lang='lat' dir='ltr'><strong>respon·</strong></span> 
     </span>
     <span class='ocr_line' id='line_1_5' title="bbox 111 782 1123 872; baseline -0.014 -17"><span class='ocrx_word' id='word_1_22' title='bbox 111 796 164 857; x_wconf 91' lang='lat' dir='ltr'><strong>det</strong></span> <span class='ocrx_word' id='word_1_23' title='bbox 173 815 202 856; x_wconf 83' lang='lat' dir='ltr'><strong>v.</strong></span> <span class='ocrx_word' id='word_1_24' title='bbox 216 798 285 856; x_wconf 82' lang='lat'><strong>915.</strong></span> <span class='ocrx_word' id='word_1_25' title='bbox 301 795 409 872; x_wconf 85' lang='lat' dir='ltr'><strong>Agam.</strong></span> <span class='ocrx_word' id='word_1_26' title='bbox 424 797 492 853; x_wconf 77' lang='grc'><strong>388.</strong></span> <span class='ocrx_word' id='word_1_27' title='bbox 514 790 602 849; x_wconf 88' lang='lat' dir='ltr'><strong>Eum.</strong></span> <span class='ocrx_word' id='word_1_28' title='bbox 616 793 686 850; x_wconf 78' lang='grc'><strong>988.</strong></span> <span class='ocrx_word' id='word_1_29' title='bbox 702 785 803 867; x_wconf 81' lang='lat' dir='ltr'><strong>Suppl.</strong></span> <span class='ocrx_word' id='word_1_30' title='bbox 820 789 888 848; x_wconf 93' lang='lat'>101.</span> <span class='ocrx_word' id='word_1_31' title='bbox 901 783 952 844; x_wconf 90' lang='lat' dir='ltr'><strong>ubi</strong></span> <span class='ocrx_word' id='word_1_32' title='bbox 965 782 1123 861; x_wconf 84' lang='lat' dir='ltr'><strong>legendum</strong></span> 
     </span>
    </p>
   </div>
   <div class='ocr_carea' id='block_1_3' title="bbox 191 908 437 973">
    <p class='ocr_par' dir='ltr' id='par_1_4' title="bbox 191 908 437 973">
     <span class='ocr_line' id='line_1_6' title="bbox 191 908 437 973; baseline -0.02 0"><span class='ocrx_word' id='word_1_33' title='bbox 191 912 277 973; x_wconf 71' lang='lat' dir='ltr'><strong>nim</strong></span> <span class='ocrx_word' id='word_1_34' title='bbox 291 908 313 970; x_wconf 60' lang='grc' dir='ltr'><em>ἲ</em></span> <span class='ocrx_word' id='word_1_35' title='bbox 323 908 437 972; x_wconf 52' lang='lat' dir='ltr'><strong>darius.</strong></span> 
     </span>
    </p>
   </div>
   <div class='ocr_carea' id='block_1_4' title="bbox 111 1008 1222 1190">
    <p class='ocr_par' dir='ltr' id='par_1_5' title="bbox 111 1008 1222 1190">
     <span class='ocr_line' id='line_1_7' title="bbox 111 1008 1222 1100; baseline -0.017 -12"><span class='ocrx_word' id='word_1_36' title='bbox 111 1027 155 1088; x_wconf 84' lang='lat' dir='ltr'><strong>Et</strong></span> <span class='ocrx_word' id='word_1_37' title='bbox 178 1047 206 1087; x_wconf 84' lang='lat' dir='ltr'><strong>v.</strong></span> <span class='ocrx_word' id='word_1_38' title='bbox 232 1031 300 1087; x_wconf 86' lang='lat'><strong>169.</strong></span> <span class='ocrx_word' id='word_1_39' title='bbox 326 1028 392 1088; x_wconf 86' lang='grc'><strong>170.</strong></span> <span class='ocrx_word' id='word_1_40' title='bbox 414 1026 485 1088; x_wconf 91' lang='grc'><strong>897.</strong></span> <span class='ocrx_word' id='word_1_41' title='bbox 515 1023 650 1082; x_wconf 80' lang='lat' dir='ltr'>Fortasse</span> <span class='ocrx_word' id='word_1_42' title='bbox 670 1021 730 1080; x_wconf 92' lang='lat' dir='ltr'><strong>huc</strong></span> <span class='ocrx_word' id='word_1_43' title='bbox 743 1019 871 1100; x_wconf 76' lang='lat' dir='ltr'><strong>pertinet</strong></span> <span class='ocrx_word' id='word_1_44' title='bbox 885 1017 973 1078; x_wconf 86' lang='lat' dir='ltr'><strong>etiam</strong></span> <span class='ocrx_word' id='word_1_45' title='bbox 989 1013 1124 1095; x_wconf 72' lang='lat' dir='ltr'><strong>Choiph.</strong></span> <span class='ocrx_word' id='word_1_46' title='bbox 1136 1008 1222 1078; x_wconf 68' lang='lat' dir='ltr'><strong>atam</strong></span> 
     </span>
     <span class='ocr_line' id='line_1_8' title="bbox 112 1104 958 1190; baseline -0.011 -21"><span class='ocrx_word' id='word_1_47' title='bbox 112 1108 230 1190; x_wconf 90' lang='lat' dir='ltr'><strong>quidem</strong></span> <span class='ocrx_word' id='word_1_48' title='bbox 244 1109 286 1166; x_wconf 87' lang='lat' dir='ltr'><strong>ita</strong></span> <span class='ocrx_word' id='word_1_49' title='bbox 299 1104 537 1185; x_wconf 86' lang='lat' dir='ltr'><strong>distinguendum</strong></span> <span class='ocrx_word' id='word_1_50' title='bbox 550 1104 706 1180; x_wconf 87' lang='lat' dir='ltr'><strong>videbitur,</strong></span> <span class='ocrx_word' id='word_1_51' title='bbox 953 1106 958 1113; x_wconf 86' lang='lat'>&#39;</span> 
     </span>
    </p>
   </div>
   <div class='ocr_carea' id='block_1_5' title="bbox 88 1231 484 1382">
    <p class='ocr_par' dir='ltr' id='par_1_6' title="bbox 88 1231 484 1382">
     <span class='ocr_line' id='line_1_9' title="bbox 88 1231 333 1294; baseline -0.004 -10"><span class='ocrx_word' id='word_1_52' title='bbox 88 1284 92 1289; x_wconf 85' lang='grc'><em>,</em></span> <span class='ocrx_word' id='word_1_53' title='bbox 199 1231 254 1294; x_wconf 74' lang='grc' dir='ltr'><strong>Ζιῧ,</strong></span> <span class='ocrx_word' id='word_1_54' title='bbox 277 1231 333 1294; x_wconf 68' lang='lat' dir='ltr'><strong>Zti,</strong></span> 
     </span>
     <span class='ocr_line' id='line_1_10' title="bbox 197 1304 484 1382; baseline 0.007 -19"><span class='ocrx_word' id='word_1_55' title='bbox 197 1307 312 1364; x_wconf 60' lang='lat' dir='ltr'><strong>»titudo</strong></span> <span class='ocrx_word' id='word_1_56' title='bbox 326 1304 484 1382; x_wconf 59' lang='grc' dir='ltr'><strong>ἀμπέμπων.</strong></span> 
     </span>
    </p>
   </div>
   <div class='ocr_carea' id='block_1_6' title="bbox 116 1418 1227 1960">
    <p class='ocr_par' dir='ltr' id='par_1_7' title="bbox 117 1418 394 1499">
     <span class='ocr_line' id='line_1_11' title="bbox 117 1418 394 1499; baseline -0.014 -18"><span class='ocrx_word' id='word_1_57' title='bbox 117 1420 160 1481; x_wconf 83' lang='lat' dir='ltr'><strong>Et</strong></span> <span class='ocrx_word' id='word_1_58' title='bbox 174 1418 277 1499; x_wconf 88' lang='lat' dir='ltr'><strong>Suppl.</strong></span> <span class='ocrx_word' id='word_1_59' title='bbox 286 1439 314 1480; x_wconf 84' lang='lat' dir='ltr'><strong>v.</strong></span> <span class='ocrx_word' id='word_1_60' title='bbox 325 1423 394 1481; x_wconf 81' lang='lat'><strong>845.</strong></span> 
     </span>
    </p>

    <p class='ocr_par' dir='ltr' id='par_1_8' title="bbox 116 1540 1227 1814">
     <span class='ocr_line' id='line_1_12' title="bbox 199 1540 513 1618; baseline 0.013 -23"><span class='ocrx_word' id='word_1_61' title='bbox 199 1540 292 1606; x_wconf 74' lang='grc' dir='ltr'><strong>οὗιοῧν,</strong></span> <span class='ocrx_word' id='word_1_62' title='bbox 315 1541 399 1600; x_wconf 60' lang='lat' dir='ltr'><strong>ainata</strong></span> <span class='ocrx_word' id='word_1_63' title='bbox 414 1540 513 1618; x_wconf 69' lang='grc' dir='ltr'><strong>τιλμοί.</strong></span> 
     </span>
     <span class='ocr_line' id='line_1_13' title="bbox 118 1654 1227 1741; baseline -0.006 -22"><span class='ocrx_word' id='word_1_64' title='bbox 118 1658 266 1719; x_wconf 83' lang='lat' dir='ltr'><strong>Caeterum</strong></span> <span class='ocrx_word' id='word_1_65' title='bbox 280 1660 368 1720; x_wconf 90' lang='lat' dir='ltr'><strong>etiam</strong></span> <span class='ocrx_word' id='word_1_66' title='bbox 381 1660 466 1741; x_wconf 88' lang='lat' dir='ltr'><strong>lyrici</strong></span> <span class='ocrx_word' id='word_1_67' title='bbox 478 1661 537 1720; x_wconf 89' lang='lat' dir='ltr'><strong>hoc</strong></span> <span class='ocrx_word' id='word_1_68' title='bbox 550 1676 636 1720; x_wconf 85' lang='lat' dir='ltr'><strong>versu</strong></span> <span class='ocrx_word' id='word_1_69' title='bbox 649 1659 694 1721; x_wconf 90' lang='lat' dir='ltr'><strong>usi</strong></span> <span class='ocrx_word' id='word_1_70' title='bbox 706 1669 785 1733; x_wconf 89' lang='lat' dir='ltr'><strong>sunt,</strong></span> <span class='ocrx_word' id='word_1_71' title='bbox 805 1658 857 1719; x_wconf 90' lang='lat' dir='ltr'><strong>sed</strong></span> <span class='ocrx_word' id='word_1_72' title='bbox 871 1658 928 1719; x_wconf 88' lang='lat' dir='ltr'><strong>hac</strong></span> <span class='ocrx_word' id='word_1_73' title='bbox 941 1666 1067 1731; x_wconf 80' lang='lat' dir='ltr'><strong>motum,</strong></span> <span class='ocrx_word' id='word_1_74' title='bbox 1090 1654 1166 1737; x_wconf 86' lang='lat' dir='ltr'><strong>qnod</strong></span> <span class='ocrx_word' id='word_1_75' title='bbox 1182 1668 1227 1712; x_wconf 83' lang='lat' dir='ltr'><strong>ne·</strong></span> 
     </span>
     <span class='ocr_line' id='line_1_14' title="bbox 116 1741 393 1814; baseline 0.004 -14"><span class='ocrx_word' id='word_1_76' title='bbox 116 1741 261 1814; x_wconf 88' lang='lat' dir='ltr'><strong>minerim,</strong></span> <span class='ocrx_word' id='word_1_77' title='bbox 281 1742 393 1801; x_wconf 83' lang='lat' dir='ltr'><strong>forma:</strong></span> 
     </span>
    </p>

    <p class='ocr_par' dir='ltr' id='par_1_9' title="bbox 200 1875 465 1960">
     <span class='ocr_line' id='line_1_15' title="bbox 200 1875 465 1960; baseline -0.008 -19"><span class='ocrx_word' id='word_1_78' title='bbox 200 1904 220 1941; x_wconf 73' lang='lat' dir='ltr'><em>v</em></span> <span class='ocrx_word' id='word_1_79' title='bbox 227 1876 269 1938; x_wconf 87' lang='lat'><strong>.‘.</strong></span> <span class='ocrx_word' id='word_1_80' title='bbox 277 1906 296 1941; x_wconf 71' lang='lat' dir='ltr'><strong>e</strong></span> <span class='ocrx_word' id='word_1_81' title='bbox 305 1875 360 1960; x_wconf 86' lang='grc' dir='ltr'><strong>Ι.’.</strong></span> <span class='ocrx_word' id='word_1_82' title='bbox 372 1877 378 1960; x_wconf 91' lang='grc' dir='ltr'>Ι</span> <span class='ocrx_word' id='word_1_83' title='bbox 390 1911 413 1940; x_wconf 76' lang='grc' dir='ltr'><strong>υ</strong></span> <span class='ocrx_word' id='word_1_84' title='bbox 423 1877 465 1939; x_wconf 84' lang='grc'><strong>.’.</strong></span> 
     </span>
    </p>
   </div>
   <div class='ocr_carea' id='block_1_7' title="bbox 119 2006 1231 2173">
    <p class='ocr_par' dir='ltr' id='par_1_10' title="bbox 119 2006 1231 2173">
     <span class='ocr_line' id='line_1_16' title="bbox 163 2006 1231 2091; baseline -0.008 -20"><span class='ocrx_word' id='word_1_85' title='bbox 163 2013 210 2078; x_wconf 95' lang='grc'><strong>17.</strong></span> <span class='ocrx_word' id='word_1_86' title='bbox 233 2012 378 2071; x_wconf 85' lang='lat' dir='ltr'><strong>Revertor</strong></span> <span class='ocrx_word' id='word_1_87' title='bbox 392 2010 431 2070; x_wconf 87' lang='lat' dir='ltr'><strong>ad</strong></span> <span class='ocrx_word' id='word_1_88' title='bbox 444 2011 643 2091; x_wconf 81' lang='lat' dir='ltr'><strong>antispastum.</strong></span> <span class='ocrx_word' id='word_1_89' title='bbox 685 2011 762 2070; x_wconf 89' lang='lat' dir='ltr'><strong>Eum</strong></span> <span class='ocrx_word' id='word_1_90' title='bbox 776 2029 842 2071; x_wconf 89' lang='lat' dir='ltr'><strong>raro</strong></span> <span class='ocrx_word' id='word_1_91' title='bbox 853 2008 992 2070; x_wconf 83' lang='lat' dir='ltr'>trochaici</span> <span class='ocrx_word' id='word_1_92' title='bbox 1003 2006 1117 2068; x_wconf 88' lang='lat' dir='ltr'><strong>numeri</strong></span> <span class='ocrx_word' id='word_1_93' title='bbox 1126 2017 1231 2084; x_wconf 71' lang='lat' dir='ltr'><strong>aequm</strong></span> 
     </span>
     <span class='ocr_line' id='line_1_17' title="bbox 119 2089 1177 2173; baseline 0 -22"><span class='ocrx_word' id='word_1_94' title='bbox 119 2100 177 2152; x_wconf 83' lang='lat' dir='ltr'><strong>tur.</strong></span> <span class='ocrx_word' id='word_1_95' title='bbox 218 2093 328 2153; x_wconf 87' lang='lat' dir='ltr'><strong>Nescio</strong></span> <span class='ocrx_word' id='word_1_96' title='bbox 342 2112 380 2153; x_wconf 89' lang='lat' dir='ltr'><strong>an</strong></span> <span class='ocrx_word' id='word_1_97' title='bbox 393 2113 432 2153; x_wconf 86' lang='lat' dir='ltr'><strong>ex</strong></span> <span class='ocrx_word' id='word_1_98' title='bbox 446 2093 504 2152; x_wconf 90' lang='lat' dir='ltr'><strong>hoc</strong></span> <span class='ocrx_word' id='word_1_99' title='bbox 518 2113 626 2173; x_wconf 82' lang='lat' dir='ltr'><strong>genere</strong></span> <span class='ocrx_word' id='word_1_100' title='bbox 640 2093 678 2154; x_wconf 89' lang='lat' dir='ltr'><strong>sit</strong></span> <span class='ocrx_word' id='word_1_101' title='bbox 691 2111 791 2153; x_wconf 88' lang='lat' dir='ltr'><strong>versus</strong></span> <span class='ocrx_word' id='word_1_102' title='bbox 805 2092 836 2151; x_wconf 92' lang='lat' dir='ltr'><strong>in</strong></span> <span class='ocrx_word' id='word_1_103' title='bbox 849 2091 946 2154; x_wconf 88' lang='lat' dir='ltr'><strong>Persis</strong></span> <span class='ocrx_word' id='word_1_104' title='bbox 960 2089 1094 2169; x_wconf 84' lang='lat' dir='ltr'><strong>AEschyli</strong></span> <span class='ocrx_word' id='word_1_105' title='bbox 1109 2089 1177 2151; x_wconf 70' lang='lat'><strong>982·</strong></span> 
     </span>
    </p>
   </div>
   <div class='ocr_carea' id='block_1_8' title="bbox 392 2225 400 2250">
    <p class='ocr_par' dir='ltr' id='par_1_11' title="bbox 392 2225 400 2250">
     <span class='ocr_line' id='line_1_18' title="bbox 392 2225 400 2250; baseline 0 0"><span class='ocrx_word' id='word_1_106' title='bbox 392 2225 400 2250; x_wconf 81' lang='grc' dir='ltr'><strong><em>Ι</em></strong></span> 
     </span>
    </p>
   </div>
   <div class='ocr_carea' id='block_1_9' title="bbox 171 2328 328 2372">
    <p class='ocr_par' dir='ltr' id='par_1_12' title="bbox 171 2328 328 2372">
     <span class='ocr_line' id='line_1_19' title="bbox 171 2328 328 2372; baseline 0 0"><span class='ocrx_word' id='word_1_107' title='bbox 171 2328 328 2372; x_wconf 75' lang='lat' dir='ltr'><strong>&#39;ww</strong></span> 
     </span>
    </p>
   </div>
   <div class='ocr_carea' id='block_1_10' title="bbox 199 2436 595 2536">
    <p class='ocr_par' dir='ltr' id='par_1_13' title="bbox 199 2436 595 2536">
     <span class='ocr_line' id='line_1_20' title="bbox 199 2436 595 2536; baseline 0.003 -26"><span class='ocrx_word' id='word_1_108' title='bbox 199 2436 322 2530; x_wconf 60' lang='lat' dir='ltr'><strong>antiptosis</strong></span> <span class='ocrx_word' id='word_1_109' title='bbox 336 2455 492 2536; x_wconf 65' lang='lat' dir='ltr'><strong>daaoet&#39;povcs</strong></span> <span class='ocrx_word' id='word_1_110' title='bbox 505 2453 595 2536; x_wconf 62' lang='grc' dir='ltr'><strong>χὲςσᾳ.</strong></span> 
     </span>
    </p>
   </div>
   <div class='ocr_carea' id='block_1_11' title="bbox 123 2550 1238 2808">
    <p class='ocr_par' dir='ltr' id='par_1_14' title="bbox 123 2550 1238 2808">
     <span class='ocr_line' id='line_1_21' title="bbox 123 2550 1238 2647; baseline -0.007 -22"><span class='ocrx_word' id='word_1_111' title='bbox 123 2564 375 2644; x_wconf 80' lang='lat' dir='ltr'><strong>Antistrophicus,</strong></span> <span class='ocrx_word' id='word_1_112' title='bbox 397 2569 447 2647; x_wconf 94' lang='lat' dir='ltr'><strong>qui</strong></span> <span class='ocrx_word' id='word_1_113' title='bbox 471 2578 626 2647; x_wconf 87' lang='lat' dir='ltr'><strong>corruptus</strong></span> <span class='ocrx_word' id='word_1_114' title='bbox 648 2578 702 2638; x_wconf 88' lang='lat' dir='ltr'><strong>est,</strong></span> <span class='ocrx_word' id='word_1_115' title='bbox 724 2576 823 2626; x_wconf 86' lang='lat' dir='ltr'><strong>tamen</strong></span> <span class='ocrx_word' id='word_1_116' title='bbox 843 2583 882 2625; x_wconf 83' lang='lat' dir='ltr'><strong>ex</strong></span> <span class='ocrx_word' id='word_1_117' title='bbox 896 2563 998 2623; x_wconf 89' lang='lat' dir='ltr'><strong>iisdem</strong></span> <span class='ocrx_word' id='word_1_118' title='bbox 1011 2561 1127 2621; x_wconf 87' lang='lat' dir='ltr'><strong>videtur</strong></span> <span class='ocrx_word' id='word_1_119' title='bbox 1138 2550 1238 2638; x_wconf 65' lang='lat' dir='ltr'><strong>syilab&#39;!</strong></span> 
     </span>
     <span class='ocr_line' id='line_1_22' title="bbox 123 2642 1238 2710; baseline -0.006 -6"><span class='ocrx_word' id='word_1_120' title='bbox 123 2646 220 2706; x_wconf 87' lang='lat' dir='ltr'><strong>factus</strong></span> <span class='ocrx_word' id='word_1_121' title='bbox 237 2648 336 2708; x_wconf 68' lang='lat' dir='ltr'><strong>fuisse·</strong></span> <span class='ocrx_word' id='word_1_122' title='bbox 378 2650 429 2708; x_wconf 92' lang='lat' dir='ltr'><strong>Ad</strong></span> <span class='ocrx_word' id='word_1_123' title='bbox 450 2651 582 2710; x_wconf 90' lang='lat' dir='ltr'><strong>eamdem</strong></span> <span class='ocrx_word' id='word_1_124' title='bbox 604 2647 747 2708; x_wconf 87' lang='lat' dir='ltr'><strong>rationem</strong></span> <span class='ocrx_word' id='word_1_125' title='bbox 767 2666 828 2708; x_wconf 88' lang='lat' dir='ltr'><strong>non</strong></span> <span class='ocrx_word' id='word_1_126' title='bbox 841 2646 944 2706; x_wconf 89' lang='lat' dir='ltr'><strong>dubito</strong></span> <span class='ocrx_word' id='word_1_127' title='bbox 958 2646 1068 2704; x_wconf 83' lang='lat' dir='ltr'><strong>referre</strong></span> <span class='ocrx_word' id='word_1_128' title='bbox 1081 2642 1135 2702; x_wconf 87' lang='lat' dir='ltr'><strong>hos</strong></span> <span class='ocrx_word' id='word_1_129' title='bbox 1154 2648 1238 2702; x_wconf 74' lang='lat' dir='ltr'><strong>vem</strong></span> 
     </span>
     <span class='ocr_line' id='line_1_23' title="bbox 124 2725 518 2808; baseline 0.018 -23"><span class='ocrx_word' id='word_1_130' title='bbox 124 2725 157 2785; x_wconf 91' lang='lat' dir='ltr'><strong>in</strong></span> <span class='ocrx_word' id='word_1_131' title='bbox 168 2728 350 2808; x_wconf 76' lang='lat' dir='ltr'><strong>Chodphoris</strong></span> <span class='ocrx_word' id='word_1_132' title='bbox 364 2737 433 2793; x_wconf 82' lang='grc'><strong>638.</strong></span> <span class='ocrx_word' id='word_1_133' title='bbox 448 2736 518 2794; x_wconf 81' lang='lat'>645.</span> 
     </span>
    </p>
   </div>
   <div class='ocr_carea' id='block_1_12' title="bbox 205 2844 1273 3014">
    <p class='ocr_par' dir='ltr' id='par_1_15' title="bbox 205 2844 1273 3014">
     <span class='ocr_line' id='line_1_24' title="bbox 205 2844 1273 2947; baseline 0.008 -42"><span class='ocrx_word' id='word_1_134' title='bbox 205 2844 334 2909; x_wconf 68' lang='lat' dir='ltr'><strong>daoersm&#39;oer</strong></span> <span class='ocrx_word' id='word_1_135' title='bbox 348 2851 478 2923; x_wconf 76' lang='grc' dir='ltr'><strong>ὃξυπιυκές</strong></span> <span class='ocrx_word' id='word_1_136' title='bbox 492 2853 566 2930; x_wconf 51' lang='lat' dir='ltr'><strong>oded.</strong></span> <span class='ocrx_word' id='word_1_137' title='bbox 1263 2850 1273 2947; x_wconf 54' lang='grc' dir='ltr'><strong>’ἰ</strong></span> 
     </span>
     <span class='ocr_line' id='line_1_25' title="bbox 205 2929 707 3014; baseline 0.006 -27"><span class='ocrx_word' id='word_1_138' title='bbox 205 2931 376 3010; x_wconf 68' lang='grc' dir='ltr'><strong>πςοχιλκώιι</strong></span> <span class='ocrx_word' id='word_1_139' title='bbox 390 2929 412 2990; x_wconf 70' lang='grc' dir='ltr'><strong>δ’</strong></span> <span class='ocrx_word' id='word_1_140' title='bbox 426 2930 489 2990; x_wconf 72' lang='lat' dir='ltr'><strong>aisa</strong></span> <span class='ocrx_word' id='word_1_141' title='bbox 502 2933 707 3014; x_wconf 65' lang='grc' dir='ltr'><strong>φασγανουςγᾶς.</strong></span> 
     </span>
    </p>
   </div>
   <div class='ocr_carea' id='block_1_13' title="bbox 126 3046 1274 3250">
    <p class='ocr_par' dir='ltr' id='par_1_16' title="bbox 126 3046 1274 3250">
     <span class='ocr_line' id='line_1_26' title="bbox 126 3046 1274 3145; baseline 0.005 -38"><span class='ocrx_word' id='word_1_142' title='bbox 126 3046 220 3109; x_wconf 84' lang='lat' dir='ltr'><strong>Valde</strong></span> <span class='ocrx_word' id='word_1_143' title='bbox 234 3051 312 3110; x_wconf 90' lang='lat' dir='ltr'><strong>enim</strong></span> <span class='ocrx_word' id='word_1_144' title='bbox 326 3071 429 3132; x_wconf 85' lang='lat' dir='ltr'><strong>aspera</strong></span> <span class='ocrx_word' id='word_1_145' title='bbox 442 3064 529 3132; x_wconf 88' lang='lat' dir='ltr'><strong>atque</strong></span> <span class='ocrx_word' id='word_1_146' title='bbox 544 3053 669 3114; x_wconf 84' lang='lat' dir='ltr'><strong>insuavis</strong></span> <span class='ocrx_word' id='word_1_147' title='bbox 684 3057 747 3113; x_wconf 90' lang='lat' dir='ltr'><strong>haec</strong></span> <span class='ocrx_word' id='word_1_148' title='bbox 761 3051 838 3113; x_wconf 86' lang='lat' dir='ltr'><strong>foret</strong></span> <span class='ocrx_word' id='word_1_149' title='bbox 853 3071 1041 3129; x_wconf 76' lang='lat' dir='ltr'><strong>numerorum</strong></span> <span class='ocrx_word' id='word_1_150' title='bbox 1055 3048 1166 3120; x_wconf 84' lang='lat' dir='ltr'><strong>divisio,</strong></span> <span class='ocrx_word' id='word_1_151' title='bbox 1266 3088 1274 3145; x_wconf 58' lang='lat' dir='ltr'><strong>p</strong></span> 
     </span>
     <span class='ocr_line' id='line_1_27' title="bbox 210 3163 1274 3250; baseline 0.005 -21"><span class='ocrx_word' id='word_1_152' title='bbox 210 3163 656 3250; x_wconf 73' lang='grc' dir='ltr'><strong>υ.’.....’...1υ.’.υ-υ</strong></span> <span class='ocrx_word' id='word_1_153' title='bbox 1233 3176 1236 3183; x_wconf 86' lang='grc'><strong>“</strong></span> <span class='ocrx_word' id='word_1_154' title='bbox 1269 3164 1274 3217; x_wconf 68' lang='lat'>²</span> 
     </span>
    </p>
   </div>
   <div class='ocr_carea' id='block_1_14' title="bbox 20 3271 1275 4334">
    <p class='ocr_par' dir='ltr' id='par_1_17' title="bbox 129 3271 1274 3607">
     <span class='ocr_line' id='line_1_28' title="bbox 130 3271 1241 3363; baseline -0.006 -26"><span class='ocrx_word' id='word_1_155' title='bbox 130 3279 283 3358; x_wconf 88' lang='lat' dir='ltr'><strong>multoque</strong></span> <span class='ocrx_word' id='word_1_156' title='bbox 297 3282 393 3341; x_wconf 89' lang='lat' dir='ltr'><strong>minus</strong></span> <span class='ocrx_word' id='word_1_157' title='bbox 406 3284 485 3362; x_wconf 75' lang='lat' dir='ltr'><strong>prior</strong></span> <span class='ocrx_word' id='word_1_158' title='bbox 499 3304 565 3363; x_wconf 89' lang='lat' dir='ltr'><strong>pars</strong></span> <span class='ocrx_word' id='word_1_159' title='bbox 579 3304 632 3363; x_wconf 90' lang='lat' dir='ltr'><strong>pro</strong></span> <span class='ocrx_word' id='word_1_160' title='bbox 647 3282 784 3343; x_wconf 91' lang='lat' dir='ltr'><strong>dochmio</strong></span> <span class='ocrx_word' id='word_1_161' title='bbox 798 3282 899 3342; x_wconf 90' lang='lat' dir='ltr'><strong>haberi</strong></span> <span class='ocrx_word' id='word_1_162' title='bbox 911 3292 1020 3363; x_wconf 89' lang='lat' dir='ltr'><strong>posset,</strong></span> <span class='ocrx_word' id='word_1_163' title='bbox 1040 3281 1159 3338; x_wconf 85' lang='lat' dir='ltr'><strong>finiente</strong></span> <span class='ocrx_word' id='word_1_164' title='bbox 1171 3271 1241 3334; x_wconf 82' lang='lat' dir='ltr'><strong>verbo</strong></span> 
     </span>
     <span class='ocr_line' id='line_1_29' title="bbox 129 3358 1274 3444; baseline 0 -26"><span class='ocrx_word' id='word_1_165' title='bbox 129 3358 161 3418; x_wconf 89' lang='lat' dir='ltr'><strong>in</strong></span> <span class='ocrx_word' id='word_1_166' title='bbox 175 3361 264 3440; x_wconf 88' lang='lat' dir='ltr'><strong>longa</strong></span> <span class='ocrx_word' id='word_1_167' title='bbox 277 3363 388 3442; x_wconf 84' lang='lat' dir='ltr'>syllaba</span> <span class='ocrx_word' id='word_1_168' title='bbox 401 3376 469 3424; x_wconf 90' lang='lat' dir='ltr'><strong>ante</strong></span> <span class='ocrx_word' id='word_1_169' title='bbox 484 3376 660 3444; x_wconf 81' lang='lat' dir='ltr'><strong>postremam</strong></span> <span class='ocrx_word' id='word_1_170' title='bbox 674 3365 760 3423; x_wconf 83' lang='lat' dir='ltr'><strong>arsin.</strong></span> <span class='ocrx_word' id='word_1_171' title='bbox 802 3365 880 3423; x_wconf 89' lang='lat' dir='ltr'><strong>Illud</strong></span> <span class='ocrx_word' id='word_1_172' title='bbox 890 3383 960 3422; x_wconf 86' lang='lat' dir='ltr'><strong>vero</strong></span> <span class='ocrx_word' id='word_1_173' title='bbox 974 3362 1124 3441; x_wconf 78' lang='lat' dir='ltr'><strong>praestabit</strong></span> <span class='ocrx_word' id='word_1_174' title='bbox 1132 3359 1243 3418; x_wconf 70' lang='lat' dir='ltr'><strong>fortasse,</strong></span> <span class='ocrx_word' id='word_1_175' title='bbox 1267 3424 1274 3433; x_wconf 62' lang='grc'><strong>,</strong></span> 
     </span>
     <span class='ocr_line' id='line_1_30' title="bbox 131 3438 1243 3525; baseline -0.001 -26"><span class='ocrx_word' id='word_1_176' title='bbox 131 3441 229 3502; x_wconf 88' lang='lat' dir='ltr'><strong>dirimi</strong></span> <span class='ocrx_word' id='word_1_177' title='bbox 252 3444 309 3504; x_wconf 92' lang='lat' dir='ltr'><strong>hoc</strong></span> <span class='ocrx_word' id='word_1_178' title='bbox 333 3458 458 3505; x_wconf 90' lang='lat' dir='ltr'><strong>metrum</strong></span> <span class='ocrx_word' id='word_1_179' title='bbox 483 3448 513 3505; x_wconf 92' lang='lat' dir='ltr'><strong>in</strong></span> <span class='ocrx_word' id='word_1_180' title='bbox 534 3448 607 3506; x_wconf 90' lang='lat' dir='ltr'><strong>duos</strong></span> <span class='ocrx_word' id='word_1_181' title='bbox 621 3465 731 3520; x_wconf 86' lang='lat' dir='ltr'><strong>versus,</strong></span> <span class='ocrx_word' id='word_1_182' title='bbox 752 3444 971 3525; x_wconf 87' lang='lat' dir='ltr'><strong>antispasticum</strong></span> <span class='ocrx_word' id='word_1_183' title='bbox 985 3438 1243 3510; x_wconf 49' lang='lat' dir='ltr'><strong>monometrumd</strong></span> 
     </span>
     <span class='ocr_line' id='line_1_31' title="bbox 130 3525 1179 3607; baseline 0.01 -26"><span class='ocrx_word' id='word_1_184' title='bbox 130 3525 314 3585; x_wconf 85' lang='lat' dir='ltr'><strong>trochaicum</strong></span> <span class='ocrx_word' id='word_1_185' title='bbox 329 3527 560 3607; x_wconf 86' lang='lat' dir='ltr'><strong>ithyphallicum.</strong></span> <span class='ocrx_word' id='word_1_186' title='bbox 1176 3594 1179 3599; x_wconf 75' lang='grc'>,</span> 
     </span>
    </p>

    <p class='ocr_par' dir='ltr' id='par_1_18' title="bbox 134 3606 1274 3853">
     <span class='ocr_line' id='line_1_32' title="bbox 176 3606 1274 3690; baseline -0.006 -23"><span class='ocrx_word' id='word_1_187' title='bbox 176 3613 224 3670; x_wconf 89' lang='grc'><strong>18.</strong></span> <span class='ocrx_word' id='word_1_188' title='bbox 246 3608 403 3683; x_wconf 86' lang='lat' dir='ltr'><strong>Numeros,</strong></span> <span class='ocrx_word' id='word_1_189' title='bbox 429 3611 478 3690; x_wconf 92' lang='lat' dir='ltr'><strong>qui</strong></span> <span class='ocrx_word' id='word_1_190' title='bbox 502 3610 678 3670; x_wconf 89' lang='lat' dir='ltr'><strong>antecedant</strong></span> <span class='ocrx_word' id='word_1_191' title='bbox 702 3611 902 3687; x_wconf 83' lang='lat' dir='ltr'><strong>antispastum,</strong></span> <span class='ocrx_word' id='word_1_192' title='bbox 933 3606 1073 3665; x_wconf 86' lang='lat' dir='ltr'><strong>iambicos</strong></span> <span class='ocrx_word' id='word_1_193' title='bbox 1093 3623 1156 3664; x_wconf 89' lang='lat' dir='ltr'><strong>esse</strong></span> <span class='ocrx_word' id='word_1_194' title='bbox 1176 3606 1274 3677; x_wconf 53' lang='lat' dir='ltr'><strong>supa*</strong></span> 
     </span>
     <span class='ocr_line' id='line_1_33' title="bbox 134 3686 1243 3770; baseline -0.003 -25"><span class='ocrx_word' id='word_1_195' title='bbox 134 3688 262 3750; x_wconf 84' lang='lat' dir='ltr'><strong>diximus</strong></span> <span class='ocrx_word' id='word_1_196' title='bbox 286 3702 338 3750; x_wconf 88' lang='lat' dir='ltr'><strong>aut</strong></span> <span class='ocrx_word' id='word_1_197' title='bbox 359 3691 530 3770; x_wconf 86' lang='lat' dir='ltr'><strong>dactylicos,</strong></span> <span class='ocrx_word' id='word_1_198' title='bbox 551 3712 617 3750; x_wconf 88' lang='lat' dir='ltr'><strong>raro</strong></span> <span class='ocrx_word' id='word_1_199' title='bbox 637 3691 810 3751; x_wconf 88' lang='lat' dir='ltr'><strong>trochaicos.</strong></span> <span class='ocrx_word' id='word_1_200' title='bbox 853 3690 893 3748; x_wconf 89' lang='lat' dir='ltr'><strong>Et</strong></span> <span class='ocrx_word' id='word_1_201' title='bbox 907 3688 1046 3747; x_wconf 87' lang='lat' dir='ltr'><strong>iambicos</strong></span> <span class='ocrx_word' id='word_1_202' title='bbox 1061 3686 1176 3766; x_wconf 90' lang='lat' dir='ltr'><strong>quidem</strong></span> <span class='ocrx_word' id='word_1_203' title='bbox 1189 3694 1243 3768; x_wconf 60' lang='lat' dir='ltr'><strong>qut·</strong></span> 
     </span>
     <span class='ocr_line' id='line_1_34' title="bbox 135 3760 1274 3853; baseline -0.007 -24"><span class='ocrx_word' id='word_1_204' title='bbox 135 3771 225 3829; x_wconf 87' lang='lat' dir='ltr'><strong>modo</strong></span> <span class='ocrx_word' id='word_1_205' title='bbox 238 3774 378 3851; x_wconf 85' lang='lat' dir='ltr'><strong>excipere</strong></span> <span class='ocrx_word' id='word_1_206' title='bbox 392 3775 567 3852; x_wconf 86' lang='lat' dir='ltr'><strong>antispastus</strong></span> <span class='ocrx_word' id='word_1_207' title='bbox 581 3775 682 3853; x_wconf 89' lang='lat' dir='ltr'><strong>possit,</strong></span> <span class='ocrx_word' id='word_1_208' title='bbox 703 3792 762 3832; x_wconf 92' lang='lat' dir='ltr'><strong>non</strong></span> <span class='ocrx_word' id='word_1_209' title='bbox 777 3783 822 3831; x_wconf 88' lang='lat' dir='ltr'><strong>est</strong></span> <span class='ocrx_word' id='word_1_210' title='bbox 836 3772 1001 3830; x_wconf 90' lang='lat' dir='ltr'><strong>obscurum.</strong></span> <span class='ocrx_word' id='word_1_211' title='bbox 1030 3769 1106 3826; x_wconf 90' lang='lat' dir='ltr'><strong>Nam</strong></span> <span class='ocrx_word' id='word_1_212' title='bbox 1121 3783 1204 3846; x_wconf 89' lang='lat' dir='ltr'><strong>quum</strong></span> <span class='ocrx_word' id='word_1_213' title='bbox 1211 3760 1246 3817; x_wconf 79' lang='lat' dir='ltr'><strong>hrt</strong></span> <span class='ocrx_word' id='word_1_214' title='bbox 1271 3838 1274 3843; x_wconf 25' lang='grc' dir='ltr'>Ι</span> 
     </span>
    </p>

    <p class='ocr_par' dir='ltr' id='par_1_19' title="bbox 20 3845 1275 4334">
     <span class='ocr_line' id='line_1_35' title="bbox 61 3845 1275 3931; baseline -0.005 -22"><span class='ocrx_word' id='word_1_215' title='bbox 61 3910 78 3922; x_wconf 45' lang='grc'><strong>,</strong></span> <span class='ocrx_word' id='word_1_216' title='bbox 136 3868 189 3928; x_wconf 87' lang='lat' dir='ltr'><strong>pes</strong></span> <span class='ocrx_word' id='word_1_217' title='bbox 211 3854 272 3929; x_wconf 91' lang='lat' dir='ltr'><strong>ipse</strong></span> <span class='ocrx_word' id='word_1_218' title='bbox 294 3875 333 3913; x_wconf 89' lang='lat' dir='ltr'><strong>ex</strong></span> <span class='ocrx_word' id='word_1_219' title='bbox 356 3854 453 3912; x_wconf 90' lang='lat' dir='ltr'><strong>iambo</strong></span> <span class='ocrx_word' id='word_1_220' title='bbox 475 3866 506 3913; x_wconf 89' lang='lat' dir='ltr'><strong>et</strong></span> <span class='ocrx_word' id='word_1_221' title='bbox 529 3857 658 3914; x_wconf 85' lang='lat' dir='ltr'><strong>trochaeo</strong></span> <span class='ocrx_word' id='word_1_222' title='bbox 682 3865 806 3925; x_wconf 90' lang='lat' dir='ltr'><strong>constet,</strong></span> <span class='ocrx_word' id='word_1_223' title='bbox 829 3864 959 3931; x_wconf 87' lang='lat' dir='ltr'><strong>apparet,</strong></span> <span class='ocrx_word' id='word_1_224' title='bbox 982 3850 1113 3930; x_wconf 78' lang='lat' dir='ltr'><strong>quemuis</strong></span> <span class='ocrx_word' id='word_1_225' title='bbox 1136 3845 1247 3930; x_wconf 63' lang='lat' dir='ltr'><strong>ordorp</strong></span> <span class='ocrx_word' id='word_1_226' title='bbox 1271 3906 1275 3913; x_wconf 72' lang='grc'><em>,</em></span> 
     </span>
     <span class='ocr_line' id='line_1_36' title="bbox 20 3928 1275 4015; baseline -0.002 -27"><span class='ocrx_word' id='word_1_227' title='bbox 20 3994 22 3998; x_wconf 42' lang='grc'><strong>,</strong></span> <span class='ocrx_word' id='word_1_228' title='bbox 137 3932 319 3993; x_wconf 88' lang='lat' dir='ltr'><strong>trochaicum</strong></span> <span class='ocrx_word' id='word_1_229' title='bbox 343 3935 390 3994; x_wconf 87' lang='lat' dir='ltr'><strong>vel</strong></span> <span class='ocrx_word' id='word_1_230' title='bbox 410 3936 576 4008; x_wconf 89' lang='lat' dir='ltr'><strong>iambicum,</strong></span> <span class='ocrx_word' id='word_1_231' title='bbox 597 3938 646 4015; x_wconf 91' lang='lat' dir='ltr'><strong>qui</strong></span> <span class='ocrx_word' id='word_1_232' title='bbox 669 3937 699 3994; x_wconf 88' lang='lat' dir='ltr'><strong>in</strong></span> <span class='ocrx_word' id='word_1_233' title='bbox 720 3937 775 3996; x_wconf 89' lang='lat' dir='ltr'><strong>arsi</strong></span> <span class='ocrx_word' id='word_1_234' title='bbox 790 3935 911 4002; x_wconf 88' lang='lat' dir='ltr'><strong>desinat,</strong></span> <span class='ocrx_word' id='word_1_235' title='bbox 935 3931 1099 3992; x_wconf 90' lang='lat' dir='ltr'><strong>continuari</strong></span> <span class='ocrx_word' id='word_1_236' title='bbox 1114 3947 1180 3988; x_wconf 90' lang='lat' dir='ltr'><strong>cum</strong></span> <span class='ocrx_word' id='word_1_237' title='bbox 1192 3928 1275 4007; x_wconf 52' lang='lat' dir='ltr'><strong>aad}</strong></span> 
     </span>
     <span class='ocr_line' id='line_1_37' title="bbox 138 4004 1275 4096; baseline -0.004 -25"><span class='ocrx_word' id='word_1_238' title='bbox 138 4006 247 4089; x_wconf 81' lang='lat' dir='ltr'><strong>spatto,</strong></span> <span class='ocrx_word' id='word_1_239' title='bbox 268 4016 348 4075; x_wconf 90' lang='lat' dir='ltr'><strong>velut</strong></span> <span class='ocrx_word' id='word_1_240' title='bbox 362 4017 391 4074; x_wconf 92' lang='lat' dir='ltr'><strong>in</strong></span> <span class='ocrx_word' id='word_1_241' title='bbox 406 4016 555 4076; x_wconf 89' lang='lat' dir='ltr'><strong>trochaico</strong></span> <span class='ocrx_word' id='word_1_242' title='bbox 571 4028 601 4075; x_wconf 90' lang='lat' dir='ltr'><strong>et</strong></span> <span class='ocrx_word' id='word_1_243' title='bbox 615 4018 739 4076; x_wconf 84' lang='lat' dir='ltr'><strong>iambico</strong></span> <span class='ocrx_word' id='word_1_244' title='bbox 763 4019 979 4096; x_wconf 90' lang='lat' dir='ltr'><strong>Hipponacteo.</strong></span> <span class='ocrx_word' id='word_1_245' title='bbox 1022 4011 1082 4085; x_wconf 84' lang='lat' dir='ltr'><strong>Sed</strong></span> <span class='ocrx_word' id='word_1_246' title='bbox 1102 4014 1189 4091; x_wconf 85' lang='lat' dir='ltr'><strong>quum</strong></span> <span class='ocrx_word' id='word_1_247' title='bbox 1209 4004 1250 4063; x_wconf 75' lang='lat' dir='ltr'><strong>hu·</strong></span> <span class='ocrx_word' id='word_1_248' title='bbox 1272 4010 1275 4065; x_wconf 78' lang='grc' dir='ltr'><strong>ἶ</strong></span> 
     </span>
     <span class='ocr_line' id='line_1_38' title="bbox 136 4091 1275 4179; baseline -0.001 -29"><span class='ocrx_word' id='word_1_249' title='bbox 136 4094 264 4170; x_wconf 87' lang='lat' dir='ltr'><strong>jusmodi</strong></span> <span class='ocrx_word' id='word_1_250' title='bbox 278 4097 375 4175; x_wconf 90' lang='lat' dir='ltr'><strong>plures</strong></span> <span class='ocrx_word' id='word_1_251' title='bbox 388 4099 490 4158; x_wconf 86' lang='lat' dir='ltr'><strong>formae</strong></span> <span class='ocrx_word' id='word_1_252' title='bbox 504 4098 697 4176; x_wconf 87' lang='lat' dir='ltr'><strong>reperiantur,</strong></span> <span class='ocrx_word' id='word_1_253' title='bbox 711 4119 769 4158; x_wconf 90' lang='lat' dir='ltr'><strong>non</strong></span> <span class='ocrx_word' id='word_1_254' title='bbox 785 4118 886 4158; x_wconf 89' lang='lat' dir='ltr'><strong>omnes</strong></span> <span class='ocrx_word' id='word_1_255' title='bbox 900 4092 1058 4175; x_wconf 79' lang='lat' dir='ltr'><strong>antispasto</strong></span> <span class='ocrx_word' id='word_1_256' title='bbox 1069 4091 1254 4179; x_wconf 57' lang='lat' dir='ltr'><strong>terminantes·</strong></span> <span class='ocrx_word' id='word_1_257' title='bbox 1273 4114 1275 4119; x_wconf 57' lang='lat'><strong><em>¹</em></strong></span> 
     </span>
     <span class='ocr_line' id='line_1_39' title="bbox 139 4170 1257 4262; baseline 0.003 -30"><span class='ocrx_word' id='word_1_258' title='bbox 139 4173 201 4232; x_wconf 88' lang='lat' dir='ltr'><strong>Alii</strong></span> <span class='ocrx_word' id='word_1_259' title='bbox 215 4175 292 4234; x_wconf 90' lang='lat' dir='ltr'><strong>enim</strong></span> <span class='ocrx_word' id='word_1_260' title='bbox 308 4198 415 4255; x_wconf 89' lang='lat' dir='ltr'><strong>versus,</strong></span> <span class='ocrx_word' id='word_1_261' title='bbox 437 4179 497 4259; x_wconf 92' lang='lat' dir='ltr'><strong>qui,</strong></span> <span class='ocrx_word' id='word_1_262' title='bbox 519 4180 543 4238; x_wconf 85' lang='lat' dir='ltr'><strong>si</strong></span> <span class='ocrx_word' id='word_1_263' title='bbox 556 4179 707 4238; x_wconf 89' lang='lat' dir='ltr'><strong>metricam</strong></span> <span class='ocrx_word' id='word_1_264' title='bbox 717 4181 860 4243; x_wconf 87' lang='lat' dir='ltr'><strong>rationem</strong></span> <span class='ocrx_word' id='word_1_265' title='bbox 874 4190 1051 4262; x_wconf 85' lang='lat' dir='ltr'><strong>spectamus,</strong></span> <span class='ocrx_word' id='word_1_266' title='bbox 1075 4182 1177 4256; x_wconf 81' lang='lat' dir='ltr'><strong>operte</strong></span> <span class='ocrx_word' id='word_1_267' title='bbox 1194 4170 1257 4232; x_wconf 68' lang='lat' dir='ltr'><strong>wis·</strong></span> 
     </span>
     <span class='ocr_line' id='line_1_40' title="bbox 139 4257 723 4334; baseline 0.015 -20"><span class='ocrx_word' id='word_1_268' title='bbox 139 4267 236 4334; x_wconf 85' lang='lat' dir='ltr'><strong>spasto</strong></span> <span class='ocrx_word' id='word_1_269' title='bbox 250 4257 398 4332; x_wconf 89' lang='lat' dir='ltr'><strong>finiuntur,</strong></span> <span class='ocrx_word' id='word_1_270' title='bbox 421 4273 454 4320; x_wconf 90' lang='lat' dir='ltr'><strong>ut</strong></span> <span class='ocrx_word' id='word_1_271' title='bbox 467 4261 497 4319; x_wconf 91' lang='lat' dir='ltr'><strong>in</strong></span> <span class='ocrx_word' id='word_1_272' title='bbox 512 4261 638 4329; x_wconf 90' lang='lat' dir='ltr'><strong>Eumen,</strong></span> <span class='ocrx_word' id='word_1_273' title='bbox 655 4265 723 4323; x_wconf 73' lang='lat'><strong>322.</strong></span> 
     </span>
    </p>
   </div>
   <div class='ocr_carea' id='block_1_15' title="bbox 129 4375 653 4460">
    <p class='ocr_par' dir='ltr' id='par_1_20' title="bbox 129 4375 653 4460">
     <span class='ocr_line' id='line_1_41' title="bbox 129 4375 653 4460; baseline 0 -23"><span class='ocrx_word' id='word_1_274' title='bbox 129 4400 137 4415; x_wconf 90' lang='lat'><strong>·</strong></span> <span class='ocrx_word' id='word_1_275' title='bbox 215 4380 307 4458; x_wconf 69' lang='grc' dir='ltr'><strong>μῖπς,</strong></span> <span class='ocrx_word' id='word_1_276' title='bbox 329 4375 352 4438; x_wconf 82' lang='lat' dir='ltr'><strong>oi&#39;</strong></span> <span class='ocrx_word' id='word_1_277' title='bbox 361 4377 391 4456; x_wconf 80' lang='grc' dir='ltr'><strong>μ’</strong></span> <span class='ocrx_word' id='word_1_278' title='bbox 405 4376 508 4448; x_wconf 72' lang='lat' dir='ltr'><strong>irtam,</strong></span> <span class='ocrx_word' id='word_1_279' title='bbox 530 4375 653 4460; x_wconf 67' lang='grc' dir='ltr'><strong>ὖμῖιτες,</strong></span> 
     </span>
    </p>
   </div>
   <div class='ocr_carea' id='block_1_16' title="bbox 0 0 1387 4866">
    <p class='ocr_par' dir='ltr' id='par_1_21' title="bbox 0 0 1387 4866">
     <span class='ocr_line' id='line_1_42' title="bbox 0 0 1387 4866; baseline 0 0"><span class='ocrx_word' id='word_1_280' title='bbox 0 0 1387 4866; x_wconf 95' lang='lat' dir='ltr'><strong> </strong></span> 
     </span>
    </p>
   </div>
  </div>
 </body>
</html>
