2694 4866
167 263 259 365 ΙΙᾸΒ.
273 265 332 327 ΙΙΙ.
347 262 440 328 CAP.
455 263 555 326 XXV.
567 264 626 324 DE
643 263 841 328 CANTICIS
858 267 1046 332 SOLUTlS.
1127 279 1187 342 487

58 442 101 502 .6
140 481 142 485 .
185 436 298 515 “vdpd
312 434 520 511 amabimini*
534 436 591 514 ipis

10 601 13 607 .
78 522 100 587 7
183 523 205 558 “
218 516 284 602 ilcan
299 522 343 580 oia
356 526 472 591 ἄπολιῒς,
485 515 535 579 arli'
547 515 712 594 &nolti-⁴⁴¹?

60 638 113 699 De
125 639 290 719 posteriore
302 637 424 717 stropha
436 647 525 716 atque
538 631 721 716 antistropha
731 637 792 714 jam
805 655 893 716 supra
906 640 1008 699 monui
1022 659 1087 722 cap.
1097 650 1130 708 3.

10 768 15 802 Ι
101 725 134 785 6.
156 719 336 802 Hujusmodi
348 720 415 781 lusu
428 719 517 780 etiam
532 719 562 778 in
577 719 682 799 Vespis
695 718 811 779 videtur
824 739 893 780 usus
906 740 970 783 esse
985 723 1199 804 Aristophanes

59 821 88 862 v.
102 803 175 867 317.
188 800 240 876 ubi
254 821 348 862 senex
362 802 392 860 in
406 802 495 862 domo
508 821 562 861 sua
575 801 715 875 inclusus,
736 801 849 875 dolens,
874 803 955 882 quod
974 805 1029 864 sibi
1050 826 1109 866 non
1130 826 1199 870 cum

10 932 15 969 ε
57 883 208 946 sodalibus
221 884 281 944 suis
294 884 325 944 in
335 884 480 963 judicium
494 884 537 944 ire
550 883 648 955 liceat,
663 883 705 944 ita
718 901 797 943 nunc
810 884 951 966 loquitur,
964 905 1045 947 nunc
1059 889 1158 952 canit:
1234 911 1236 919 ¹

10 1016 16 1052 ;
81 1067 83 1072 .
141 1020 221 1099 φίλοι,
235 1023 344 1098 τήκομαι

10 1128 12 1132 ·
81 1104 97 1165 l
183 1109 203 1142 “
216 1103 261 1180 pir
274 1103 363 1163 acinon
377 1099 420 1161 iad
433 1106 476 1166 ric
490 1102 579 1168 iacil’
900 1129 958 1185 ng«

141 1187 209 1262 ὕμῧι
223 1190 292 1246 bra-
535 1251 537 1255 ·
695 1203 698 1209 ·

79 1271 100 1330 3
183 1273 203 1306 “
217 1270 304 1326 cobar·
318 1267 393 1325 ἅλλὶ
407 1268 460 1347 peip
473 1266 523 1343 οὐχ
536 1261 583 1330 υἷές
596 1262 622 1324 τ’

63 1351 101 1408 ,4
226 1355 246 1386 “
260 1348 308 1424 εἰμ’
320 1345 397 1424 pilam
411 1374 436 1407 τι
450 1350 543 1412 main
551 1347 587 1415 5„

10 1435 14 1462 ²
82 1432 101 1503 ¹l
186 1433 205 1462 “
218 1433 342 1508 τηροῦμαι
357 1424 381 1483 δ’
395 1431 443 1487 bari
458 1424 539 1486 τοῖνδ’·
553 1429 605 1488 iad

10 1520 17 1546 ²
80 1513 102 1573 2
184 1516 204 1548 “
216 1507 390 1586 ssoiaopar'p·
404 1507 493 1569 roiam
505 1509 565 1585 μεθ’
580 1516 608 1570 ri·

80 1594 101 1652 8
183 1596 205 1630 ‘⁶
217 1594 271 1668 [ἄν
285 1589 363 1649 iabin
378 1589 419 1651 ixl
432 1589 490 1656 τοὺς
504 1589 579 1650 καδί-

10 1676 17 1711 ῑ
72 1678 102 1739 ,4
226 1679 246 1711 “
261 1698 346 1744 ntur,
360 1670 438 1731 mir
451 1697 479 1732 rt
491 1670 631 1737 vatiam?

62 1803 112 1868 Ita
125 1823 216 1886 quum
231 1803 349 1864 omnino
362 1802 504 1863 librorum
518 1801 691 1883 scripturam
707 1813 788 1865 recte
801 1823 834 1864 se
853 1803 964 1866 habere
985 1822 1119 1888 apparet,
1139 1824 1203 1874 tum

10 1925 14 1933 ·
62 1887 153 1950 etiam
173 1888 296 1948 verbum
315 1883 392 1968 ᾅδειν,
413 1885 493 1964 quod
514 1883 631 1965 Toupio
653 1885 774 1965 aliisque
794 1906 882 1946 sensu
906 1907 1007 1950 carere
1029 1891 1123 1951 risum
1147 1908 1202 1970 est,
1247 1881 1250 1890 ¹

10 2024 14 2043 ς
60 1988 180 2031 sensum
194 1969 306 2049 praebet
319 1965 510 2047 aptissimum.
555 1966 632 2026 Nam
645 1987 748 2040 senex,
768 1988 857 2048 quum
879 1969 981 2050 incipit
1002 1992 1119 2045 canere,
1140 1997 1201 2055 prae
1272 2042 1273 2046 ,

61 2052 238 2132 aegritudine
252 2049 380 2110 numeris
394 2049 547 2130 modisque
560 2049 681 2122 excidit,
697 2051 775 2130 quod
790 2050 884 2130 ipsum
899 2054 994 2114 verbis
1015 2054 1071 2115 illis
1092 2057 1202 2136 signifi·

20 2168 30 2185 -·
62 2146 122 2195 cat.
165 2133 313 2193 Porsonus
327 2134 358 2191 in
372 2131 573 2194 additamento
595 2131 632 2213 ad
658 2131 813 2192 Hecubam
840 2155 868 2213 p.
891 2139 940 2194 80.
962 2136 1045 2208 fecit,
1070 2139 1203 2219 quadiu

60 2214 186 2277 librariis
201 2216 270 2275 alibi
282 2215 345 2296 ipse
360 2215 523 2295 vituperat:
543 2213 573 2272 in
598 2215 745 2274 trimetros
769 2217 876 2294 co'e'git,
902 2216 952 2297 qui
973 2238 1033 2277 non
1058 2233 1127 2280 sunt
1150 2222 1204 2281 tri.

58 2299 158 2360 metri.

100 2386 132 2443 6.
154 2379 246 2440 Aliud
259 2378 438 2458 exemplum,
460 2378 490 2436 in
512 2398 571 2458 quo
594 2398 655 2438 nou
676 2378 770 2438 solum
793 2379 1016 2460 antistrophica,
1037 2384 1091 2443 sed
1113 2380 1201 2441 etiam
1289 2388 1292 2395 ⁴

45 2462 182 2542 ‘stropha
195 2462 323 2525 solitaria
336 2460 550 2542 interpellatur,
565 2481 604 2521 ex
620 2460 767 2542 Sophocle
788 2462 818 2520 in
839 2464 937 2544 capite
956 2478 1099 2544 sequente
1120 2463 1206 2526 dabi·
1313 2466 1317 2471 ’

61 2563 137 2605 mus.
999 2574 1003 2585 ·

404 2852 407 2857 ·
494 2852 606 2930 cnr.
638 2849 797 2973 xxv..

398 3082 453 3134 DE
480 3083 656 3135 carrucis
682 3084 848 3135 sowrrs.

1209 3169 1220 3197 l

104 3255 132 3313 l.
154 3247 335 3312 Rntr‘uuunr
349 3257 405 3318 est,
419 3256 453 3305 ut
467 3245 505 3305 de
519 3264 555 3306 eo
569 3265 678 3324 genere
691 3244 852 3304 carminum
868 3246 995 3319 dicatur,
1009 3249 1088 3327 quod
1103 3266 1199 3328 gram·

60 3331 162 3392 mutici
174 3329 366 3407 ἆπολιλυμένω
377 3336 496 3386 vocant.
516 3349 521 3357 ’
537 3329 671 3394 Quorum
685 3328 760 3386 ratio
773 3327 829 3386 etsi
844 3328 880 3386 ad
896 3329 1060 3388 doctrinam
1074 3350 1134 3390 non
1153 3341 1199 3392 est

60 3413 147 3474 valde
161 3413 311 3492 impedita,
330 3422 439 3482 tamen,
460 3409 511 3467 ubi
532 3408 570 3468 de
589 3408 711 3488 singulis
731 3409 907 3469 carminibus
927 3411 1118 3492 judicandum
1141 3424 1199 3484 cst,
1236 3485 1239 3491 ,

59 3496 134 3556 nihil
147 3507 192 3555 est
206 3497 236 3554 in
250 3495 330 3555 omni
343 3513 376 3552 re
389 3491 522 3566 metrica,
532 3492 613 3571 quod
626 3491 757 3572 pluribus
770 3492 808 3551 sit
821 3503 852 3551 at
866 3493 1024 3571 majoribus
1037 3493 1208 3554 dubitatio:

59 3578 149 3639 nibus
163 3578 334 3638 obnoxium.
376 3576 453 3636 Nam
467 3595 558 3655 quum
571 3575 644 3634 illud
656 3575 783 3655 primum
798 3575 836 3634 sit
850 3575 944 3634 critici
958 3576 988 3633 in
1008 3575 1066 3634 hoc
1086 3594 1200 3717 genera

58 3660 199 3731 officium,
215 3671 248 3718 ut
261 3657 471 3737 antistrophica
483 3657 647 3736 investiget,
663 3676 729 3736 quae
742 3656 898 3736 saepissime
909 3657 1085 3718 erroribusli
1107 3659 1198 3719 rario·

55 3761 134 3811 rum,
150 3740 320 3821 lacunisque
334 3753 365 3801 et
378 3740 583 3800 additamentis
598 3742 753 3798 obscurata
766 3749 843 3808 sunt,
857 3738 995 3800 facillime
1009 3739 1073 3800 fieri
1086 3748 1197 3819 potest,

56 3837 91 3886 ut
106 3823 182 3903 quis,
198 3836 259 3895 aut,
274 3843 340 3903 quae
354 3833 421 3882 sunt
434 3821 654 3902 antistrophica,
668 3821 770 3902 solutis
783 3821 883 3881 metris
896 3823 1006 3902 scripta
1018 3833 1114 3902 putet,
1132 3832 1196 3897 aut,

74 3925 126 3967 uae
148 3905 241 3965 libera
263 3917 332 3965 sunt
354 3903 601 3983 responsionibus,
624 3903 765 3963 mutando
786 3903 817 3961 in
838 3903 1051 3983 antistrophica
1070 3904 1194 3986 redigat.

52 3928 100 4050 bt
115 3987 197 4048 hunc
210 3987 328 4068 quidem
338 3987 377 4046 ad
390 4006 518 4046 errorem
532 3997 615 4046 tanto
628 3986 786 4066 proclivior
799 3985 908 4067 viaest,
919 3985 1000 4065 quod
1009 4005 1088 4066 saepe
1098 3988 1195 4048 soluta

50 4069 191 4134 carmina
202 4070 297 4129 mixta
309 4080 378 4128 sunt
391 4067 616 4148 antistrophicis,
632 4080 665 4127 ut
685 4066 890 4128 animadversis
904 4068 1016 4147 aliquot
1029 4069 1193 4149 responsio-

48 4154 156 4225 nibus,
171 4171 236 4231 spes
250 4148 468 4225 alatur,'omnia
488 4151 518 4209 in
541 4150 736 4229 antistrophas
760 4150 827 4230 cogi
852 4166 946 4230 posse.
989 4150 1039 4211 Ab
1065 4161 1192 4233 utroque

48 4253 159 4297 errore
172 4253 233 4293 non
247 4234 331 4294 aliter
344 4230 440 4293 caveri
453 4232 531 4302 licet,
549 4233 754 4313 quamprimo,
769 4232 848 4293 omni
864 4231 1031 4292 adhibenda
1047 4252 1132 4308 cura,
1147 4245 1193 4307 ut,

46 4319 77 4380 ai
105 4335 174 4397 quae
194 4316 252 4378 sint
272 4313 492 4395 antistrophica,
513 4334 549 4376 ea
568 4336 607 4376 ne
626 4334 680 4377 noa
697 4314 822 4396 fugiant,
846 4314 953 4376 deinde
976 4328 1086 4392 autem,
1111 4315 1192 4396 quod
