2694 4866
177 304 238 366 aro
484 307 488 316 ·
533 292 614 355 ma.
638 292 679 351 11.
700 293 794 356 cae.
815 256 935 356 xxva

180 465 361 547 conspirant,
374 463 428 526 sed
441 463 492 534 ita,
507 473 549 531 ut,
565 461 702 542 quonium
716 462 868 524 dissimiles
882 474 961 537 sunt,
978 475 1077 546 aptam
1089 466 1178 527 simul
1191 470 1303 533 vuicm-

179 562 240 613 tem
254 550 283 609 ei
296 547 416 611 addant.
456 545 532 605 Nam
547 564 638 623 quum
652 543 758 605 similes
772 545 830 606 sint
844 566 890 619 eo,
906 548 985 625 quod
999 558 1124 627 uterque
1141 548 1250 629 triplici
1261 570 1300 611 or.

177 632 247 692 dine
261 629 409 710 periodico
431 637 575 695 constant,
596 626 860 689 dissimilitudinem
880 628 963 688 adest
983 640 1014 689 et
1034 626 1195 708 anacrdsis,
1215 650 1234 692 a
1251 650 1300 712 qus

178 732 261 777 orsus
274 712 348 772 alter
360 711 430 770 dum
444 707 530 769 facile
550 711 679 768 nectitur
699 708 799 788 priori,
821 709 923 773 fortior
943 722 999 783 est,
1020 723 1051 771 et
1071 711 1225 785 catalexis,
1244 731 1298 792 qua

176 794 314 875 quoniam
328 790 503 853 insecundo
518 790 621 864 lenior,
636 810 722 868 quam
737 791 875 870 inprime
895 803 950 864 est,
971 803 1119 872 temperat
1136 798 1173 859 'ea
1192 813 1297 867 rursum

175 877 235 935 vim
249 878 285 937 ab
299 874 432 937 anacrusi
446 883 550 947 ortam,
565 873 708 951 simulque
721 872 804 945 facit,
818 885 896 939 utet
909 873 1024 953 placide
1044 875 1234 956 conquiescat
1252 895 1298 935 uu·

175 977 285 1031 merus,
299 969 329 1018 et
343 958 405 1017 sine
419 954 576 1035 asperitate
589 954 617 1014 ei
631 954 705 1017 alius
718 955 849 1032 ejtrsdem
869 956 985 1034 generis
1004 975 1105 1017 versuo
1126 958 1217 1035 possit
1238 975 1296 1017 suc-

176 1039 293 1101 cedere.
310 1107 315 1117 Ι
336 1039 395 1099 Sed
413 1037 478 1096 haec
499 1036 670 1115 compositio
691 1035 775 1097 aliam
796 1049 946 1116 praeterea,
969 1056 1091 1116 eamque
1112 1039 1298 1098 admirabilem

174 1122 331 1200 praestabat
345 1118 593 1180 commoditatem.
634 1117 712 1178 Nam
727 1118 781 1176 etsi
794 1118 870 1190 haec,
884 1138 972 1198 quam
985 1119 1058 1192 dixi,
1079 1119 1216 1178 ordinum
1235 1119 1295 1178 divi·
1335 1114 1337 1183 1

174 1204 218 1262 sio
232 1202 363 1281 legitima
377 1213 432 1268 est,
448 1210 478 1260 et
499 1211 631 1259 naturam
654 1198 785 1258 continet
805 1218 904 1259 versus
925 1200 1046 1274 heroici,
1067 1212 1167 1261 tamen
1188 1201 1251 1260 talis
1268 1218 1297 1258 ea
1334 1198 1337 1265 Ξ

175 1295 231 1356 est,
247 1295 289 1355 ut,
305 1302 395 1362 quum
409 1281 508 1341 multis
520 1281 613 1340 modis
627 1281 734 1340 mutari
747 1281 847 1360 possit,
862 1281 1040 1342 incredibilis
1059 1281 1196 1342 ordinum
1215 1281 1295 1341 varie
1334 1282 1337 1365 l

177 1376 223 1425 tas
236 1364 266 1423 in
286 1383 401 1424 versum
422 1363 572 1422 heroicum
592 1362 743 1434 inferatur,
764 1382 858 1442 eoque
878 1362 927 1422 ille
947 1362 977 1422 in
1000 1362 1146 1423 infinitum
1167 1362 1295 1444 repetitus

174 1465 344 1524 numquam,
359 1445 383 1504 si
397 1445 460 1524 quis
474 1445 529 1504 ista
541 1445 681 1504 varietate
694 1454 776 1504 recte
791 1444 835 1504 uti
847 1445 931 1517 sciat,
953 1444 1040 1505 taedio
1061 1444 1224 1505 auditorem
1243 1441 1294 1503 affi·
1335 1438 1337 1481 ¹

78 1554 81 1560 ·
174 1528 244 1588 ciat.
287 1527 346 1587 Sed
360 1527 397 1586 de
411 1526 467 1585 hac
482 1546 513 1586 re
527 1525 606 1584 omni
621 1526 759 1605 deinceps
777 1526 998 1606 explicabimus,
1020 1528 1222 1587 Romanorum
1239 1543 1294 1606 pro·

174 1610 287 1669 miscue
301 1620 332 1668 et
346 1608 518 1667 Graecorum
533 1608 674 1687 exemplis
688 1618 813 1668 utentes.

216 1695 245 1752 2.
265 1692 367 1770 Atque
381 1688 461 1769 apud
475 1689 624 1750 Romanos
637 1687 758 1769 primus,
774 1689 824 1771 qui
843 1690 902 1749 hoc
922 1708 1008 1751 versu
1028 1699 1173 1764 uteretur,
1192 1687 1247 1749 fuit
1264 1688 1293 1752 Q.

174 1770 302 1847 Ennius:
322 1771 402 1851 quod
416 1790 486 1843 non,
501 1782 535 1831 ut
549 1771 634 1835 Hier.
649 1771 804 1842 Columna,
819 1790 858 1830 ex
871 1770 1013 1832 Lucretio
1028 1769 1139 1837 Siliove
1159 1769 1293 1852 colligam,

172 1852 226 1914 sed
238 1854 294 1935 ipsi
310 1853 408 1912 Ennio
422 1853 522 1927 credo,
537 1872 636 1913 versus
651 1852 804 1915 Saturnios
818 1850 938 1914 ridenti:

350 2006 415 2060 quos
427 1987 491 2042 olim
503 1988 587 2043 Fauni
598 1997 725 2060 vatesque
737 1989 877 2054 canebant,

242 2076 324 2132 quom
336 2075 425 2132 neque
435 2061 574 2115 Musarum
586 2059 710 2133 scopulos
721 2060 858 2132 quisquam
871 2067 1016 2131 superarat,

243 2147 294 2217 uec
306 2130 371 2186 dicti
383 2132 519 2187 studiosus
531 2141 598 2200 erat,
1003 2168 1007 2173 »

171 2263 202 2316 et
217 2224 335 2335 quidem
348 2263 415 2315 onte
428 2253 520 2315 hanc:
544 2269 607 2315 tum
621 2253 680 2328 illa,

241 2388 293 2426 nos
304 2371 362 2427 ausi
373 2388 501 2437 reserare,

172 2473 282 2530 certius
296 2492 358 2531 rem
373 2474 555 2532 confirmant.
600 2473 720 2550 Longos
734 2485 832 2533 autem
847 2474 895 2533 ille
909 2474 1034 2534 vocabat
1047 2493 1148 2534 versus
1162 2469 1291 2545 heroicos,

173 2563 207 2611 ut
221 2552 311 2611 refert
325 2554 432 2613 Cicero
445 2553 477 2611 in
490 2554 548 2611 fine
562 2553 612 2612 lib.
629 2555 670 2612 Il.
685 2554 722 2614 de
736 2555 861 2634 legibus.
902 2556 1006 2634 ltaque
1026 2566 1109 2614 recte
1125 2555 1253 2636 Scaliger
1262 2551 1293 2613 od

170 2634 291 2693 Festum
304 2654 332 2694 v.
346 2646 455 2719 topper,
470 2634 615 2693 nemiuem
627 2635 706 2714 ap'ud
720 2636 869 2696 Romanos
883 2648 952 2696 ante
972 2637 1117 2710 Naevium,
1130 2647 1163 2698 et
1176 2657 1214 2697 ne
1226 2637 1292 2696 hunt

170 2715 266 2794 ipsum
287 2717 405 2796 quidem
425 2717 599 2777 hexametro
619 2736 704 2775 utum
724 2717 805 2778 dicit.
847 2717 925 2777 Nam
950 2718 1060 2799 Cypria
1082 2718 1164 2790 Ilias,
1186 2738 1225 2779 ex
1246 2733 1292 2796 qua

171 2797 320 2858 Charisius
334 2820 363 2879 p.
380 2804 448 2859 118.
462 2810 492 2858 et
506 2797 672 2857 Priscianus
686 2818 715 2877 p.
729 2802 799 2858 881.
813 2798 887 2857 duos
900 2818 1000 2859 versus
1012 2798 1147 2860 heroicos
1169 2800 1288 2866 afferunt,

171 2898 231 2938 non
247 2880 341 2938 Naevii
355 2881 421 2952 fuit,
436 2880 489 2938 sed
509 2879 611 2953 Laevii,
632 2879 712 2959 quod
731 2880 803 2940 vidit
826 2880 949 2940 Vossius
969 2882 1007 2941 de
1028 2882 1157 2963 Analog.
1178 2880 1234 2940 111.
1250 2881 1290 2938 ³5.

172 2961 334 3021 Scriverius
347 2973 446 3021 autem
460 2961 490 3018 in
505 2960 610 3020 Baudii
625 2961 784 3022 Amoribus
798 2981 828 3039 p.
840 2966 911 3023 416.
924 2962 1023 3022 nescio
1037 2965 1121 3040 cujus
1132 2961 1235 3022 -Niuuii
1245 2977 1289 3051 pu·

169 3051 215 3101 tat
228 3060 300 3101 esse.
343 3044 419 3103 Haec
432 3042 577 3101 latuerant
592 3042 744 3121 Heynium
758 3043 788 3101 in
804 3043 882 3102 Exc.
895 3044 920 3102 I.
934 3043 971 3101 ad
986 3042 1068 3123 Virg.
1082 3045 1152 3103 AEn.
1163 3045 1206 3105 Il.
1230 3042 1286 3101 hon

171 3122 276 3200 magis,
301 3142 366 3202 quae
390 3142 468 3182 anno
492 3123 571 3183 urbis
595 3143 681 3189 roxa.
704 3135 821 3205 reperta
843 3136 912 3183 sunt
936 3125 1043 3187 Marcii
1065 3125 1138 3186 vatis
1167 3123 1287 3191 mumius,

171 3224 263 3282 quum
284 3204 397 3264 Ennius
420 3223 512 3264 annos
530 3217 616 3266 natus
640 3217 717 3266 esset
739 3204 868 3268 XXVII.
891 3207 1064 3266 hexametro
1088 3227 1176 3269 versu
1197 3204 1286 3282 scripu

168 3285 262 3357 fuere,
278 3307 336 3366 quo
350 3307 472 3347 numero
487 3305 537 3346 eos
551 3299 752 3367 conceperunt
767 3287 901 3347 Alciatus
915 3299 945 3348 et
962 3287 1102 3369 Scaliger.
1142 3289 1219 3349 Vide
1229 3287 1283 3346 Sca·

167 3367 220 3444 lig.
233 3368 271 3426 ad
286 3369 369 3428 Varr.
385 3390 413 3450 p.
430 3375 479 3431 82.
521 3369 657 3430 Column.
671 3369 709 3429 ad
724 3371 800 3430 Eun.
814 3389 843 3448 p.
864 3373 930 3435 122.
972 3370 1116 3449 Desprez.
1135 3370 1175 3430 ad
1196 3369 1281 3429 Horat.

168 3449 247 3528 Epp.
262 3450 305 3508 II.
321 3458 349 3523 1,
368 3454 419 3512 26.
460 3450 537 3510 Nam
560 3451 709 3510 Marcium
729 3469 846 3531 quoque
867 3471 884 3510 e
906 3450 1050 3513 Cicerone
1070 3451 1109 3512 de
1130 3452 1188 3513 div.
1206 3448 1280 3536 152·

154 3530 314 3592 .Saturniis
328 3532 461 3606 versibus
471 3532 611 3592 cecinisse
626 3533 755 3612 colligas,
771 3531 923 3613 multoque
936 3532 1050 3594 facilius
1066 3533 1098 3592 in
1118 3533 1182 3594 istis
1200 3543 1280 3592 cartul·

167 3613 254 3672 mhus
269 3612 514 3692 quemadmodum
528 3616 565 3674 ab
580 3614 665 3675 Livio
681 3615 777 3675 XXV.
794 3618 841 3674 12.
857 3626 888 3674 et
902 3614 1057 3677 Macrobio
1072 3613 1276 3680 I.1'l.referuu·

169 3706 227 3764 tur,
245 3695 424 3771 Saturnium,
439 3716 526 3775 quam
540 3698 691 3757 heroicum
704 3710 858 3756 numerum
872 3695 1025 3758 inveneris.
1311 3744 1314 3749 .

209 3781 239 3836 8.
260 3779 352 3857 Apud
373 3779 494 3838 Graecos
518 3798 618 3838 versus
641 3777 777 3838 heroicus
799 3778 976 3839 mutationes
1001 3779 1141 3858 quasdam
1164 3781 1274 3860 eruperit}s

168 3867 224 3929 est,
238 3858 298 3918 sive
311 3859 476 3938 prosodiam
490 3873 614 3937 spectes,
629 3861 689 3920 sive
702 3861 781 3940 ipsos
794 3879 942 3920 numeror.
983 3861 1033 3920 De
1046 3872 1174 3942 utraque
1187 3877 1216 3917 re
1227 3848 1271 3912 111·

167 3940 284 4014 gentius
298 3941 442 4019 disputavi
455 3940 485 3997 in
500 3941 702 4002 dissertatione
721 3943 758 4003 de
778 3953 865 4003 aetate
885 3941 998 4022 Orphei
1019 3942 1269 4022 Argonauticon·

167 4019 230 4077 Hic
243 4022 314 4079 mihi
328 4021 386 4081 hoc
399 4032 514 4081 tantum
528 4024 815 4084 commemorandum
829 4036 885 4097 est,
905 4024 974 4084 iude
994 4026 1031 4085 ab
1054 4025 1186 4085 Homero
1204 4022 1270 4092 usque
1324 4009 1337 4075 'i

167 4099 205 4158 ad
220 4102 386 4184 quintuma
407 4103 526 4164 Christo
546 4103 685 4164 saeculum
705 4108 807 4186 poe'tas
827 4106 927 4186 epicos
947 4105 1004 4165 hac
1023 4105 1120 4166 forma
1139 4122 1202 4165 usos
1218 4106 1271 4158 &⁶⁶2

98 4246 102 4262 ἱ
168 4201 235 4260 qum
248 4193 279 4243 et
297 4186 441 4262 spondeos
461 4188 627 4265 promiscue
647 4206 714 4246 cum
735 4188 859 4269 dactylis
880 4199 1089 4261 commutatos,
1109 4198 1141 4249 et
1160 4183 1273 4247 creantam
1333 4220 1337 4233 =

167 4263 348 4341 potissimum
362 4267 451 4331 habet
465 4268 623 4331 masculam
638 4268 732 4343 illam,
741 4289 807 4349 quie
821 4274 1000 4354 midsprpqle
1014 4289 1032 4330 a
1045 4264 1277 4350 grammaticam·
1311 4326 1314 4338 ,

164 4358 260 4420 catur,
275 4368 339 4429 quae
353 4362 398 4412 est
411 4350 442 4410 iu
455 4351 536 4411 tertii
548 4351 631 4431 pedis
645 4351 710 4414 arsi.
755 4351 815 4413 Sed
830 4372 876 4429 eo,
891 4371 952 4434 quo
965 4351 1039 4428 dixi,
1060 4351 1168 4417 eraculo
1184 4367 1216 4411 eo
1228 4343 1276 4420 3⁸¹⁸
