2694 4866
162 342 182 398 4
457 334 459 338 ⁸
573 324 656 388 nra.
675 325 702 386 1.
732 326 827 389 oar.
847 324 889 387 ta

163 492 257 555 omnis
266 490 443 552 cohaerentia
455 509 474 552 a
486 489 577 571 priori
590 490 710 552 definita
724 500 778 549 est.
800 491 846 549 Ea
858 502 903 550 est
917 500 1016 550 autem
1029 489 1111 550 notio
1123 507 1294 552 conruunt·

163 593 264 636 naurs
278 586 311 635 et
323 573 445 655 proinde
459 590 614 635 nsanrurr
628 581 877 637 nousnrnsrrs.
913 573 987 633 Narn
1001 570 1142 652 quidquid
1156 574 1296 647 cohaeret,

163 677 225 720 uon
238 666 336 737 potest
349 656 434 717 aliter
455 654 614 728 cohaerere,
635 673 722 734 quam
735 652 779 714 sic
798 664 832 712 ut
852 653 908 726 bis,
929 673 996 733 quae
1009 653 1166 726 cobserent,
1188 655 1297 735 aliquid

164 758 321 800 commuue
334 738 382 799 sit.
424 739 588 800 Commune
601 748 702 797 autem
715 734 788 795 illud
801 746 859 809 est,
879 736 960 816 quod
973 736 1003 794 in
1017 735 1136 796 diversis
1150 736 1230 797 idem
1243 747 1297 808 est,

164 821 279 901 sibique
291 820 346 900 ipsi
360 839 421 900 pars
463 819 553 887 Quod
572 819 674 898 siqua
693 818 724 876 iu
743 816 843 898 spatiis
865 818 1051 890 cohaerentia,
1069 817 1198 898 ideoque
1212 819 1298 879 etiam

167 902 362 965 communius
376 901 567 982 exprimenda
580 911 636 974 est,
655 919 716 960 uon
729 909 828 980 potest
847 919 884 960 ea
896 900 991 974 aliter,
1012 917 1100 979 quam
1113 919 1167 980 per
1179 899 1298 980 equali·

166 996 258 1046 tatem
272 984 433 1064 spatiorum
447 982 582 1063 exprimi.
622 981 712 1045 Unde
725 981 776 1041 lex
789 983 974 1062 symmetriae,
995 994 1139 1062 quatenus
1153 1000 1190 1043 ca
1200 983 1299 1042 inuata

165 1066 251 1127 nobis
272 1077 328 1140 est,
349 1064 549 1126 continebitur
572 1081 797 1127 commessura
821 1083 885 1125 aaa
909 1080 1162 1131 menstruarum
1188 1081 1299 1125 arnar-

167 1167 263 1211 oauns
280 1165 587 1209 aarrmsnuruunA.

211 1234 259 1290 ta.
279 1230 355 1296 Quae
368 1247 459 1309 quum
469 1229 511 1290 ita
522 1229 592 1303 siut,
611 1238 744 1309 apparet,
764 1228 912 1307 quomodo
926 1226 1149 1307 intelligendum
1158 1226 1208 1299 sit,
1223 1225 1301 1306 quod
1321 1282 1323 1287 ⁴

166 1311 252 1374 iuitio
265 1310 392 1370 diximus
406 1310 471 1370 rudi
485 1311 583 1372 adhuc
596 1309 776 1382 definitione,
796 1329 952 1371 numerum
966 1309 1099 1370 ordinata
1116 1307 1302 1369 successione

167 1404 334 1472 temporum
345 1392 499 1453 contineri.
524 1392 578 1453 Est
589 1392 813 1454 enimnumerus
824 1410 934 1452 russo
946 1408 1056 1452 saurus
1073 1407 1302 1461 arracnoruu,

168 1491 331 1534 exeanssa
347 1493 410 1533 esu
424 1491 891 1539 menstruarum-rumenam.
933 1473 1047 1534 Eodem
1068 1472 1157 1533 modo
1177 1491 1303 1552 quame-

169 1557 266 1628 triam,
287 1575 374 1635 quam
384 1556 544 1636 spatiorum
558 1557 721 1617 ordinatam
741 1555 966 1640 continuitatem
981 1574 1044 1616 essa
1058 1554 1197 1626 diximus,
1219 1552 1305 1613 intel-

168 1637 270 1717 ligitur
283 1637 440 1716 imaginem
453 1657 518 1699 esse
531 1655 803 1712 corruuurnsrrs,
818 1655 894 1696 srvn
909 1652 1304 1698 uncrsssuruconuusrt·

171 1737 247 1792 nna,
268 1737 462 1780 axennssnn
477 1738 705 1786 mensurasse
717 1737 923 1781 sannionum.

437 2052 488 2103 urs
506 2053 603 2120 sasr,
627 2053 754 2120 nuusr,
768 2053 829 2113 ¹an
847 2053 1050 2104 anscausus
1074 2052 1076 2057 ⁴

215 2163 243 2217 l'.
262 2148 300 2218 'sn
315 2178 454 2220 numerus
464 2161 562 2240 imago
570 2174 615 2222 est
625 2163 821 2223 mutationum
832 2167 885 2242 per
893 2161 1078 2222 efficientiam
1088 2159 1311 2239 producturum,-

106 2263 109 2277 ’
173 2239 329 2301 efficientia
341 2253 442 2314 autem
455 2244 620 2305 necessario
641 2245 837 2324 aequalitatem
859 2263 1026 2304 caussarum
1040 2254 1129 2322 atque
1152 2238 1311 2301 effectuum

174 2321 314 2416 requirit:
335 2333 479 2402 tempora,
501 2345 567 2403 quoe
581 2326 611 2383 in
625 2327 756 2386 numeris
770 2342 938 2386 caussarum
957 2335 1047 2404 atque
1067 2322 1226 2384 effectuum
1246 2339 1310 2400 spe-

174 2422 251 2462 ctem
265 2403 406 2474 referunt,
428 2404 551 2483 aequalia
565 2425 628 2465 esse
642 2417 771 2486 oportet,
793 2417 825 2464 ut
840 2425 899 2485 quo
912 2405 977 2465 solo
989 2406 1020 2464 id
1039 2406 1133 2485 ipsum
1157 2402 1308 2474 efficiatur,

175 2493 209 2542 ut
223 2483 320 2562 imago
334 2484 510 2545 exhibeatur
523 2485 694 2546 efficientiae.
725 2488 831 2566 Itaque
845 2486 981 2566 primaria
995 2488 1045 2547 lex
1056 2485 1171 2561 numeri
1180 2484 1246 2545 haec
1256 2494 1314 2556 est,

175 2575 208 2625 ut
223 2582 383 2624 uuueons
404 2566 463 2625 sint
484 2584 656 2630 mausum.
685 2568 790 2649 ‘Isque
816 2568 946 2628 omnium
969 2569 1097 2628 maxime
1120 2566 1246 2647 simplex
1267 2574 1313 2624 est

174 2665 323 2718 numerus,
345 2661 374 2706 ct
389 2648 482 2707 omnis
494 2648 610 2708 numeri
623 2649 706 2728 quasi
724 2650 959 2723 fundamentum,
981 2651 1032 2730 qui
1053 2649 1214 2728 oequalibus
1236 2658 1310 2708 tem·

175 2727 296 2808 poribus
319 2728 459 2802 decurrit,
490 2742 525 2789 ut
546 2730 571 2790 is
595 2742 651 2804 est,
677 2752 764 2811 quem
777 2730 986 2813 perpendiculi
1000 2742 1097 2792 motus
1111 2732 1141 2790 in
1153 2725 1316 2808 horologiis·

176 2809 258 2869 facit.
300 2810 383 2869 Huic
397 2811 427 2869 iu
440 2812 535 2891 spatio
548 2812 648 2874 similia
661 2825 707 2873 est
721 2807 879 2894 descriptio
887 2813 1045 2894 ¹aequalium
1056 2813 1228 2892 spatiorum,
1241 2825 1311 2890 qua·

177 2892 236 2951 lem
251 2891 281 2948 iu
295 2891 370 2951 serie
384 2893 521 2952 arborum
536 2893 773 2956 columnarumve
787 2895 933 2968 ,videmus
955 2894 1119 2967 altitudine,
1138 2893 1257 2967 forma,
1270 2890 1313 2950 in·

177 2973 306 3033 teruallis
320 2973 443 3052 parium.

221 3060 250 3115 2.
271 3054 333 3115 Hic
347 3066 445 3114 autem
455 3057 614 3136 aequalibus
627 3058 809 3139 temporibus
823 3060 985 3127 decurrens
995 3076 1136 3119 numerus
1149 3075 1247 3137 neque
1260 3051 1314 3114 iui-

179 3135 264 3206 tium,
287 3156 342 3195 uec
366 3135 455 3197 finem
478 3138 599 3212 habere,
621 3142 672 3200 sed
693 3159 760 3220 pars
774 3142 837 3201 esse
851 3139 1133 3219 infiniticujuspiam
1145 3132 1315 3198 numerisi»

180 3217 307 3277 debitur.
349 3217 426 3277 Nam
445 3220 632 3280 animadverti
647 3221 765 3303 quidem
779 3220 898 3311 aliquod
912 3233 1028 3302 tempus
1041 3220 1177 3301 primum,
1198 3213 1316 3298 aliquod

180 3309 495 3378 postremumnecesse
509 3314 572 3363 cst:
591 3304 645 3363 sed
658 3324 696 3364 ex
710 3323 747 3364 ea
760 3302 862 3364 re'non
872 3303 1168 3384 sequitur‘continuo,
1183 3313 1217 3361 ut
1228 3298 1317 3362 etiam

93 3389 97 3396 ‘
180 3380 220 3468 sit
241 3380 366 3460 primurn
387 3383 433 3440 vel
454 3396 651 3462 postremum:
673 3386 741 3465 quia
755 3384 825 3451 ,esse
844 3387 971 3465 primum
990 3385 1043 3445 vel<
1051 3395 1233 3465 postremum
1245 3375 1318 3440 illud
1335 3396 1338 3400 ’

179 3473 295 3523 tautum
307 3473 422 3542 tempus
431 3463 490 3524 dici
504 3476 612 3544 potest,
628 3467 716 3546 quod,
738 3468 827 3529 etiam
841 3468 866 3526 si
879 3467 936 3528 alia
948 3479 1082 3547 tempora
1091 3465 1136 3526 sel
1150 3462 1321 3545 praecedunt

181 3544 227 3603 vel
241 3556 412 3624 sequantur,
434 3558 534 3607 tamen
547 3559 650 3628 suapte
665 3561 770 3610 natura
783 3548 899 3607 initium
912 3548 1025 3609 numeri
1040 3549 1087 3608 vel
1105 3546 1171 3606 finis
1191 3565 1256 3606 esse
1275 3543 1323 3602 iue

176 3624 340 3708 telligatur.
363 3627 478 3688 Eodem
492 3629 581 3689 modo
595 3630 674 3710 quod
688 3631 719 3690 iu
732 3630 827 3711 spatio
841 3631 1009 3710 exemplum
1022 3630 1172 3708 posuimus
1182 3629 1324 3687 arborum

180 3707 229 3767 vel
250 3708 463 3784 columnarum,
484 3711 526 3771 ita
545 3724 591 3772 est
605 3724 818 3792 comparatum,
839 3722 884 3784 ut,
904 3711 960 3771 etsi
984 3713 1081 3791 aliqua
1100 3710 1188 3770 arbor
1208 3708 1255 3771 vel
1270 3725 1324 3767 co·

180 3788 283 3865 lunaria
295 3791 398 3871 prima,
420 3791 518 3872 aliqua
532 3806 666 3855 extrema
679 3794 727 3869 sit,
749 3800 848 3855 tamen
862 3812 959 3872 neque
972 3793 1037 3853 haec
1050 3812 1104 3872 pro
1115 3791 1208 3861 initio,
1224 3802 1325 3868 neque

181 3869 296 3951 illapro
310 3872 369 3930 line
382 3872 483 3932 haberi
495 3886 594 3954 queat,
609 3876 678 3954 quia
687 3887 795 3936 neutra
805 3895 860 3957 per
873 3895 905 3937 se
919 3875 984 3936 talis
999 3886 1052 3945 cst,
1075 3873 1182 3934 sedvel
1198 3883 1328 3953 utraque

185 3950 275 4023 demi,
296 3953 342 4014 vel
357 3952 426 4014 addi
446 3954 564 4035 utrique
578 3957 642 4036 aliar
655 3968 786 4037 possunt.

228 4041 258 4096 3.
278 4034 406 4109 Quodsi
420 4035 470 4115 qui
484 4048 553 4096 sunt
566 4039 690 4109 numeri,
712 4059 763 4118 qur
776 4050 890 4098 mittum
903 4038 1050 4118 finemque
1063 4037 1202 4109 habeant,
1225 4032 1332 4114 quales

185 4133 325 4174 numeros
339 4116 461 4176 inv'euiri
475 4118 659 4198 experientia
669 4120 768 4192 docet,
789 4119 819 4179 iu
833 4121 902 4199 ipsis
916 4120 1024 4200 aliquid
1039 4139 1102 4180 esse
1123 4119 1223 4191 debet,
1244 4111 1330 4196 quod

185 4195 303 4257 initium
317 4216 420 4258 eorum
433 4199 581 4279 finemque
595 4201 785 4263 demonstret.
828 4203 999 4282 Pariterque
1012 4201 1043 4260 in
1056 4201 1142 4281 spatii
1152 4198 1329 4278 descriptioe

185 4277 284 4351 uibus,
306 4290 339 4338 ut
353 4279 498 4361 integram
511 4301 576 4343 esse
589 4284 716 4365 aliquam
735 4283 960 4363 descriptionem
980 4294 1130 4364 appareat,
1152 4282 1182 4340 in
1196 4278 1331 4361 ipsa-ali·

188 4359 260 4440 quid
273 4360 397 4422 inveniri
410 4383 531 4426 necesse
544 4376 599 4439 est,
621 4386 680 4447 quo
694 4365 754 4438 fiat,
778 4377 811 4428 ut
830 4386 887 4427 nec
911 4365 1014 4427 deesse
1034 4365 1205 4448 quidquam,
1229 4372 1328 4444 usque

188 4443 339 4508 abundare
353 4462 588 4527 cognoscamus.'
616 4449 711 4532 Atqui
725 4448 888 4512 efficientia
900 4447 966 4510 baec
978 4459 1024 4511 est
1046 4460 1161 4522 natura,
1182 4456 1227 4517 ut,
1251 4463 1324 4525 quo·
