<?xml version="1.0" encoding="UTF-8"?>
<!DOCTYPE html PUBLIC "-//W3C//DTD XHTML 1.0 Transitional//EN"
    "http://www.w3.org/TR/xhtml1/DTD/xhtml1-transitional.dtd">
<html xmlns="http://www.w3.org/1999/xhtml" xml:lang="en" lang="en">
 <head>
  <title>
</title>
<meta http-equiv="Content-Type" content="text/html;charset=utf-8" />
  <meta name='ocr-system' content='tesseract 3.04.00' />
  <meta name='ocr-capabilities' content='ocr_page ocr_carea ocr_par ocr_line ocrx_word'/>
</head>
<body>
  <div class='ocr_page' id='page_1' title='image "./elementadoctrin00hermgoog_0140.png"; bbox 0 0 2694 4866; ppageno 0'>
   <div class='ocr_carea' id='block_1_1' title="bbox 148 210 1194 289">
    <p class='ocr_par' dir='ltr' id='par_1_1' title="bbox 148 210 1194 289">
     <span class='ocr_line' id='line_1_1' title="bbox 148 210 1194 289; baseline 0.004 -4"><span class='ocrx_word' id='word_1_1' title='bbox 148 222 208 285; x_wconf 80' lang='lat' dir='ltr'>DE</span> <span class='ocrx_word' id='word_1_2' title='bbox 229 215 425 283; x_wconf 86' lang='lat' dir='ltr'>IAMBICiS</span> <span class='ocrx_word' id='word_1_3' title='bbox 446 214 756 281; x_wconf 83' lang='lat' dir='ltr'>TETRAMETRIS</span> <span class='ocrx_word' id='word_1_4' title='bbox 778 210 1093 285; x_wconf 72' lang='lat' dir='ltr'>acATALEcTIS.</span> <span class='ocrx_word' id='word_1_5' title='bbox 1134 227 1194 289; x_wconf 76' lang='lat'>103</span> 
     </span>
    </p>
   </div>
   <div class='ocr_carea' id='block_1_2' title="bbox 56 423 1173 942">
    <p class='ocr_par' dir='ltr' id='par_1_2' title="bbox 56 423 1173 942">
     <span class='ocr_line' id='line_1_2' title="bbox 129 423 915 503; baseline -0.001 -17"><span class='ocrx_word' id='word_1_6' title='bbox 129 427 241 503; x_wconf 74' lang='lat' dir='ltr'>propter</span> <span class='ocrx_word' id='word_1_7' title='bbox 253 437 281 485; x_wconf 85' lang='lat' dir='ltr'>te</span> <span class='ocrx_word' id='word_1_8' title='bbox 292 436 335 483; x_wconf 90' lang='lat' dir='ltr'>tot</span> <span class='ocrx_word' id='word_1_9' title='bbox 346 424 487 498; x_wconf 73' lang='lat' dir='ltr'>notasque</span> <span class='ocrx_word' id='word_1_10' title='bbox 497 423 624 482; x_wconf 88' lang='lat' dir='ltr'>habemus</span> <span class='ocrx_word' id='word_1_11' title='bbox 635 423 772 482; x_wconf 72' lang='lat' dir='ltr'>vastitates</span> <span class='ocrx_word' id='word_1_12' title='bbox 783 423 915 485; x_wconf 79' lang='lat' dir='ltr'>funerum.</span> 
     </span>
     <span class='ocr_line' id='line_1_3' title="bbox 56 533 470 608; baseline -0.022 -10"><span class='ocrx_word' id='word_1_13' title='bbox 56 537 144 598; x_wconf 89' lang='lat' dir='ltr'>ldem</span> <span class='ocrx_word' id='word_1_14' title='bbox 158 535 189 593; x_wconf 92' lang='lat' dir='ltr'>in</span> <span class='ocrx_word' id='word_1_15' title='bbox 203 533 339 604; x_wconf 86' lang='lat' dir='ltr'><strong>Bacchis,</strong></span> <span class='ocrx_word' id='word_1_16' title='bbox 467 604 470 608; x_wconf 19' lang='grc' dir='ltr'>ι</span> 
     </span>
     <span class='ocr_line' id='line_1_4' title="bbox 127 646 943 721; baseline -0.001 -15"><span class='ocrx_word' id='word_1_17' title='bbox 127 662 193 706; x_wconf 90' lang='lat' dir='ltr'>tunc</span> <span class='ocrx_word' id='word_1_18' title='bbox 202 651 337 706; x_wconf 86' lang='lat' dir='ltr'>silvestres</span> <span class='ocrx_word' id='word_1_19' title='bbox 349 647 459 704; x_wconf 80' lang='lat' dir='ltr'>exuvias</span> <span class='ocrx_word' id='word_1_20' title='bbox 470 647 539 704; x_wconf 76' lang='lat' dir='ltr'>lavo</span> <span class='ocrx_word' id='word_1_21' title='bbox 550 646 635 721; x_wconf 83' lang='lat' dir='ltr'>pictas</span> <span class='ocrx_word' id='word_1_22' title='bbox 644 647 721 704; x_wconf 89' lang='lat' dir='ltr'>lateri</span> <span class='ocrx_word' id='word_1_23' title='bbox 733 646 943 705; x_wconf 80' lang='lat' dir='ltr'>accdmmodant.</span> 
     </span>
     <span class='ocr_line' id='line_1_5' title="bbox 56 752 401 827; baseline -0.006 -14"><span class='ocrx_word' id='word_1_24' title='bbox 56 752 97 814; x_wconf 84' lang='lat' dir='ltr'>Et</span> <span class='ocrx_word' id='word_1_25' title='bbox 112 753 311 827; x_wconf 79' lang='lat' dir='ltr'>inMedea,&#39;</span> <span class='ocrx_word' id='word_1_26' title='bbox 399 790 401 797; x_wconf 39' lang='grc' dir='ltr'>ι</span> 
     </span>
     <span class='ocr_line' id='line_1_6' title="bbox 125 865 1173 942; baseline -0.009 -14"><span class='ocrx_word' id='word_1_27' title='bbox 125 884 175 928; x_wconf 88' lang='lat' dir='ltr'>tun</span> <span class='ocrx_word' id='word_1_28' title='bbox 187 872 233 926; x_wconf 85' lang='lat' dir='ltr'>dia</span> <span class='ocrx_word' id='word_1_29' title='bbox 243 869 342 937; x_wconf 86' lang='lat' dir='ltr'>Medea</span> <span class='ocrx_word' id='word_1_30' title='bbox 354 868 393 937; x_wconf 71' lang='lat' dir='ltr'>es,</span> <span class='ocrx_word' id='word_1_31' title='bbox 410 870 485 942; x_wconf 88' lang='lat' dir='ltr'>cujus</span> <span class='ocrx_word' id='word_1_32' title='bbox 497 866 599 924; x_wconf 87' lang='lat' dir='ltr'>aditum</span> <span class='ocrx_word' id='word_1_33' title='bbox 611 865 769 940; x_wconf 73' lang='lat' dir='ltr'>exspectans</span> <span class='ocrx_word' id='word_1_34' title='bbox 781 867 884 940; x_wconf 83' lang='lat' dir='ltr'>pervixi</span> <span class='ocrx_word' id='word_1_35' title='bbox 895 866 979 941; x_wconf 82' lang='lat' dir='ltr'>iraque</span> <span class='ocrx_word' id='word_1_36' title='bbox 991 868 1096 927; x_wconf 60' lang='lat' dir='ltr'>adhud</span> <span class='ocrx_word' id='word_1_37' title='bbox 1168 904 1173 919; x_wconf 83' lang='lat'>.</span> 
     </span>
    </p>
   </div>
   <div class='ocr_carea' id='block_1_3' title="bbox 53 969 1193 1951">
    <p class='ocr_par' dir='ltr' id='par_1_3' title="bbox 53 969 1193 1722">
     <span class='ocr_line' id='line_1_7' title="bbox 95 969 1188 1051; baseline 0 -15"><span class='ocrx_word' id='word_1_38' title='bbox 95 979 126 1036; x_wconf 73' lang='lat'>2.</span> <span class='ocrx_word' id='word_1_39' title='bbox 147 975 296 1035; x_wconf 77' lang='lat' dir='ltr'>Casuram</span> <span class='ocrx_word' id='word_1_40' title='bbox 308 972 359 1034; x_wconf 90' lang='lat' dir='ltr'>hic</span> <span class='ocrx_word' id='word_1_41' title='bbox 373 990 472 1033; x_wconf 85' lang='lat' dir='ltr'>versus</span> <span class='ocrx_word' id='word_1_42' title='bbox 485 983 536 1032; x_wconf 89' lang='lat' dir='ltr'>aut</span> <span class='ocrx_word' id='word_1_43' title='bbox 550 971 580 1029; x_wconf 90' lang='lat' dir='ltr'>in</span> <span class='ocrx_word' id='word_1_44' title='bbox 595 971 653 1032; x_wconf 86' lang='lat' dir='ltr'>fine</span> <span class='ocrx_word' id='word_1_45' title='bbox 667 971 762 1051; x_wconf 88' lang='lat' dir='ltr'>quarti</span> <span class='ocrx_word' id='word_1_46' title='bbox 776 969 858 1050; x_wconf 87' lang='lat' dir='ltr'>pedis</span> <span class='ocrx_word' id='word_1_47' title='bbox 868 972 967 1045; x_wconf 89' lang='lat' dir='ltr'>habet,</span> <span class='ocrx_word' id='word_1_48' title='bbox 983 972 1077 1033; x_wconf 82' lang='lat' dir='ltr'>autin</span> <span class='ocrx_word' id='word_1_49' title='bbox 1090 975 1188 1036; x_wconf 85' lang='lat' dir='ltr'>medio</span> 
     </span>
     <span class='ocr_line' id='line_1_8' title="bbox 54 1052 1190 1136; baseline 0.004 -21"><span class='ocrx_word' id='word_1_50' title='bbox 54 1056 160 1136; x_wconf 87' lang='lat' dir='ltr'>quinto</span> <span class='ocrx_word' id='word_1_51' title='bbox 172 1057 258 1135; x_wconf 87' lang='lat' dir='ltr'>pede.</span> <span class='ocrx_word' id='word_1_52' title='bbox 299 1057 349 1116; x_wconf 87' lang='lat' dir='ltr'>Ac</span> <span class='ocrx_word' id='word_1_53' title='bbox 361 1052 447 1117; x_wconf 80' lang='lat' dir='ltr'>facile</span> <span class='ocrx_word' id='word_1_54' title='bbox 461 1053 643 1132; x_wconf 81' lang='lat' dir='ltr'><strong>intelligitur,</strong></span> <span class='ocrx_word' id='word_1_55' title='bbox 665 1072 729 1114; x_wconf 91' lang='lat' dir='ltr'>eam</span> <span class='ocrx_word' id='word_1_56' title='bbox 744 1072 895 1127; x_wconf 80' lang='lat' dir='ltr'>caesuram,</span> <span class='ocrx_word' id='word_1_57' title='bbox 915 1073 981 1133; x_wconf 85' lang='lat' dir='ltr'>quae</span> <span class='ocrx_word' id='word_1_58' title='bbox 994 1056 1024 1113; x_wconf 91' lang='lat' dir='ltr'>in</span> <span class='ocrx_word' id='word_1_59' title='bbox 1038 1056 1095 1116; x_wconf 85' lang='lat' dir='ltr'>fine</span> <span class='ocrx_word' id='word_1_60' title='bbox 1106 1058 1190 1136; x_wconf 89' lang='lat' dir='ltr'>pedis</span> 
     </span>
     <span class='ocr_line' id='line_1_9' title="bbox 53 1134 1186 1231; baseline 0.001 -33"><span class='ocrx_word' id='word_1_61' title='bbox 53 1149 109 1210; x_wconf 86' lang='lat' dir='ltr'>est,</span> <span class='ocrx_word' id='word_1_62' title='bbox 125 1137 262 1216; x_wconf 89' lang='lat' dir='ltr'>quoniam</span> <span class='ocrx_word' id='word_1_63' title='bbox 275 1157 390 1199; x_wconf 83' lang='lat' dir='ltr'>versum</span> <span class='ocrx_word' id='word_1_64' title='bbox 404 1136 433 1195; x_wconf 90' lang='lat' dir='ltr'>in</span> <span class='ocrx_word' id='word_1_65' title='bbox 447 1136 521 1197; x_wconf 86' lang='lat' dir='ltr'>duas</span> <span class='ocrx_word' id='word_1_66' title='bbox 534 1136 659 1215; x_wconf 75' lang='lat' dir='ltr'>equales</span> <span class='ocrx_word' id='word_1_67' title='bbox 673 1147 770 1231; x_wconf 76' lang='lat' dir='ltr'>partes</span> <span class='ocrx_word' id='word_1_68' title='bbox 784 1134 904 1209; x_wconf 84' lang='lat' dir='ltr'>dirimit,</span> <span class='ocrx_word' id='word_1_69' title='bbox 917 1137 1012 1199; x_wconf 88' lang='lat' dir='ltr'>minus</span> <span class='ocrx_word' id='word_1_70' title='bbox 1026 1140 1186 1216; x_wconf 84' lang='lat' dir='ltr'>gravitatis,</span> 
     </span>
     <span class='ocr_line' id='line_1_10' title="bbox 54 1214 1189 1300; baseline 0.002 -22"><span class='ocrx_word' id='word_1_71' title='bbox 54 1237 144 1299; x_wconf 88' lang='lat' dir='ltr'>quam</span> <span class='ocrx_word' id='word_1_72' title='bbox 158 1217 289 1290; x_wconf 85' lang='lat' dir='ltr'>alteram,</span> <span class='ocrx_word' id='word_1_73' title='bbox 310 1219 429 1292; x_wconf 87' lang='lat' dir='ltr'>habere,</span> <span class='ocrx_word' id='word_1_74' title='bbox 451 1237 546 1299; x_wconf 91' lang='lat' dir='ltr'>eoque</span> <span class='ocrx_word' id='word_1_75' title='bbox 560 1219 713 1277; x_wconf 82' lang='lat' dir='ltr'>comoedrae</span> <span class='ocrx_word' id='word_1_76' title='bbox 733 1214 836 1297; x_wconf 82' lang='lat' dir='ltr'>magis,</span> <span class='ocrx_word' id='word_1_77' title='bbox 858 1236 945 1299; x_wconf 91' lang='lat' dir='ltr'>quam</span> <span class='ocrx_word' id='word_1_78' title='bbox 969 1219 1119 1298; x_wconf 81' lang='lat' dir='ltr'>tragoediae</span> <span class='ocrx_word' id='word_1_79' title='bbox 1138 1240 1189 1300; x_wconf 90' lang='lat' dir='ltr'>ap·</span> 
     </span>
     <span class='ocr_line' id='line_1_11' title="bbox 55 1297 1192 1381; baseline 0.002 -21"><span class='ocrx_word' id='word_1_80' title='bbox 55 1316 116 1360; x_wconf 90' lang='lat' dir='ltr'>tam</span> <span class='ocrx_word' id='word_1_81' title='bbox 131 1319 205 1361; x_wconf 87' lang='lat' dir='ltr'>esse.</span> <span class='ocrx_word' id='word_1_82' title='bbox 245 1300 351 1381; x_wconf 89' lang='lat' dir='ltr'>Itaque</span> <span class='ocrx_word' id='word_1_83' title='bbox 365 1299 505 1360; x_wconf 86' lang='lat' dir='ltr'>credibile</span> <span class='ocrx_word' id='word_1_84' title='bbox 518 1310 573 1372; x_wconf 91' lang='lat' dir='ltr'>est,</span> <span class='ocrx_word' id='word_1_85' title='bbox 594 1297 626 1357; x_wconf 93' lang='lat' dir='ltr'>id</span> <span class='ocrx_word' id='word_1_86' title='bbox 639 1298 718 1378; x_wconf 90' lang='lat' dir='ltr'>quod</span> <span class='ocrx_word' id='word_1_87' title='bbox 732 1298 820 1359; x_wconf 88' lang='lat' dir='ltr'>etiam</span> <span class='ocrx_word' id='word_1_88' title='bbox 833 1319 872 1361; x_wconf 86' lang='lat' dir='ltr'>ex</span> <span class='ocrx_word' id='word_1_89' title='bbox 886 1298 941 1373; x_wconf 88' lang='lat' dir='ltr'>his,</span> <span class='ocrx_word' id='word_1_90' title='bbox 962 1320 1027 1381; x_wconf 87' lang='lat' dir='ltr'>quae</span> <span class='ocrx_word' id='word_1_91' title='bbox 1040 1299 1128 1362; x_wconf 91' lang='lat' dir='ltr'>modo</span> <span class='ocrx_word' id='word_1_92' title='bbox 1144 1312 1192 1369; x_wconf 58' lang='lat' dir='ltr'>ab,</span> 
     </span>
     <span class='ocr_line' id='line_1_12' title="bbox 56 1379 1192 1479; baseline 0.003 -38"><span class='ocrx_word' id='word_1_93' title='bbox 56 1381 122 1455; x_wconf 90' lang='lat' dir='ltr'>tuli,</span> <span class='ocrx_word' id='word_1_94' title='bbox 142 1380 315 1479; x_wconf 67' lang='lat' dir='ltr'>fragmentis</span> <span class='ocrx_word' id='word_1_95' title='bbox 331 1381 429 1477; x_wconf 79' lang='lat' dir='ltr'>colligi</span> <span class='ocrx_word' id='word_1_96' title='bbox 443 1392 558 1478; x_wconf 68' lang='lat' dir='ltr'>potest,</span> <span class='ocrx_word' id='word_1_97' title='bbox 575 1379 702 1475; x_wconf 74' lang='lat' dir='ltr'>tragicos</span> <span class='ocrx_word' id='word_1_98' title='bbox 715 1398 744 1438; x_wconf 92' lang='lat' dir='ltr'>m</span> <span class='ocrx_word' id='word_1_99' title='bbox 784 1381 797 1476; x_wconf 37' lang='lat'>⁰·</span> <span class='ocrx_word' id='word_1_100' title='bbox 821 1380 851 1438; x_wconf 90' lang='lat' dir='ltr'>in</span> <span class='ocrx_word' id='word_1_101' title='bbox 864 1382 962 1441; x_wconf 89' lang='lat' dir='ltr'>medio</span> <span class='ocrx_word' id='word_1_102' title='bbox 982 1381 1084 1462; x_wconf 91' lang='lat' dir='ltr'>quinto</span> <span class='ocrx_word' id='word_1_103' title='bbox 1104 1383 1192 1471; x_wconf 79' lang='lat' dir='ltr'>pede,</span> 
     </span>
     <span class='ocr_line' id='line_1_13' title="bbox 58 1461 1193 1627; baseline 0.016 -23"><span class='ocrx_word' id='word_1_104' title='bbox 58 1461 854 1627; x_wconf 57' lang='grc' dir='ltr'>1111311111ιί’ἱζιριιιῒιειιέιιιι</span> <span class='ocrx_word' id='word_1_105' title='bbox 873 1463 1047 1626; x_wconf 67' lang='lat' dir='ltr'>,iltlttl</span> <span class='ocrx_word' id='word_1_106' title='bbox 1049 1484 1108 1605; x_wconf 63' lang='lat'>⁸11¹?</span> <span class='ocrx_word' id='word_1_107' title='bbox 1109 1484 1193 1623; x_wconf 64' lang='lat' dir='ltr'>{tl</span> 
     </span>
     <span class='ocr_line' id='line_1_14' title="bbox 55 1625 1191 1722; baseline 0.004 -38"><span class='ocrx_word' id='word_1_108' title='bbox 55 1626 184 1722; x_wconf 79' lang='lat' dir='ltr'>aequales</span> <span class='ocrx_word' id='word_1_109' title='bbox 197 1639 295 1709; x_wconf 89' lang='lat' dir='ltr'>partes</span> <span class='ocrx_word' id='word_1_110' title='bbox 318 1646 434 1688; x_wconf 87' lang='lat' dir='ltr'>versum</span> <span class='ocrx_word' id='word_1_111' title='bbox 455 1626 575 1688; x_wconf 86' lang='lat' dir='ltr'>dividat.</span> <span class='ocrx_word' id='word_1_112' title='bbox 617 1625 703 1706; x_wconf 85' lang='lat' dir='ltr'>Saepe</span> <span class='ocrx_word' id='word_1_113' title='bbox 723 1637 823 1689; x_wconf 86' lang='lat' dir='ltr'>tamen</span> <span class='ocrx_word' id='word_1_114' title='bbox 846 1627 939 1687; x_wconf 91' lang='lat' dir='ltr'>omnis</span> <span class='ocrx_word' id='word_1_115' title='bbox 964 1646 1074 1693; x_wconf 82' lang='lat' dir='ltr'>caesura</span> <span class='ocrx_word' id='word_1_116' title='bbox 1097 1629 1191 1711; x_wconf 77' lang='lat' dir='ltr'>negli-</span> 
     </span>
    </p>

    <p class='ocr_par' dir='ltr' id='par_1_4' title="bbox 78 1718 147 1771">
     <span class='ocr_line' id='line_1_15' title="bbox 78 1718 147 1771; baseline 0 -3"><span class='ocrx_word' id='word_1_117' title='bbox 78 1718 147 1771; x_wconf 79' lang='lat' dir='ltr'>rtur.</span> 
     </span>
    </p>

    <p class='ocr_par' dir='ltr' id='par_1_5' title="bbox 55 1729 1191 1951">
     <span class='ocr_line' id='line_1_16' title="bbox 57 1729 1191 1869; baseline 0.002 -19"><span class='ocrx_word' id='word_1_118' title='bbox 57 1729 77 1791; x_wconf 71' lang='lat' dir='ltr'>g</span> <span class='ocrx_word' id='word_1_119' title='bbox 97 1795 128 1850; x_wconf 85' lang='grc'>3.</span> <span class='ocrx_word' id='word_1_120' title='bbox 151 1790 287 1851; x_wconf 88' lang='lat' dir='ltr'>Plautina</span> <span class='ocrx_word' id='word_1_121' title='bbox 300 1789 349 1850; x_wconf 90' lang='lat' dir='ltr'>illa</span> <span class='ocrx_word' id='word_1_122' title='bbox 363 1784 464 1851; x_wconf 84' lang='lat' dir='ltr'>divisio</span> <span class='ocrx_word' id='word_1_123' title='bbox 477 1789 565 1868; x_wconf 90' lang='lat' dir='ltr'>hujus</span> <span class='ocrx_word' id='word_1_124' title='bbox 578 1806 678 1849; x_wconf 84' lang='lat' dir='ltr'>versus</span> <span class='ocrx_word' id='word_1_125' title='bbox 690 1787 773 1861; x_wconf 90' lang='lat' dir='ltr'>fecit,</span> <span class='ocrx_word' id='word_1_126' title='bbox 793 1799 827 1849; x_wconf 90' lang='lat' dir='ltr'>ut</span> <span class='ocrx_word' id='word_1_127' title='bbox 847 1789 906 1850; x_wconf 90' lang='lat' dir='ltr'>hoc</span> <span class='ocrx_word' id='word_1_128' title='bbox 926 1809 1042 1869; x_wconf 87' lang='lat' dir='ltr'>quoque</span> <span class='ocrx_word' id='word_1_129' title='bbox 1064 1801 1191 1853; x_wconf 90' lang='lat' dir='ltr'>metrum</span> 
     </span>
     <span class='ocr_line' id='line_1_17' title="bbox 55 1869 1131 1951; baseline 0.002 -19"><span class='ocrx_word' id='word_1_130' title='bbox 55 1882 258 1951; x_wconf 84' lang='lat' dir='ltr'>asynartetum</span> <span class='ocrx_word' id='word_1_131' title='bbox 270 1871 438 1931; x_wconf 79' lang='lat' dir='ltr'><strong>haberetur.</strong></span> <span class='ocrx_word' id='word_1_132' title='bbox 478 1870 526 1935; x_wconf 85' lang='lat' dir='ltr'>Ita</span> <span class='ocrx_word' id='word_1_133' title='bbox 538 1870 586 1929; x_wconf 93' lang='lat' dir='ltr'>ille</span> <span class='ocrx_word' id='word_1_134' title='bbox 599 1871 631 1929; x_wconf 91' lang='lat' dir='ltr'>in</span> <span class='ocrx_word' id='word_1_135' title='bbox 646 1869 911 1950; x_wconf 63' lang='lat' dir='ltr'>amputantis.</span> <span class='ocrx_word' id='word_1_136' title='bbox 930 1876 960 1932; x_wconf 86' lang='lat'>5.</span> <span class='ocrx_word' id='word_1_137' title='bbox 973 1876 1004 1933; x_wconf 89' lang='grc'>8.</span> <span class='ocrx_word' id='word_1_138' title='bbox 1020 1877 1067 1935; x_wconf 91' lang='grc'>16.</span> <span class='ocrx_word' id='word_1_139' title='bbox 1083 1875 1131 1938; x_wconf 83' lang='grc'>17.</span> 
     </span>
    </p>
   </div>
   <div class='ocr_carea' id='block_1_4' title="bbox 124 1985 1038 2274">
    <p class='ocr_par' dir='ltr' id='par_1_6' title="bbox 125 1985 901 2053">
     <span class='ocr_line' id='line_1_18' title="bbox 125 1985 901 2053; baseline 0.003 -11"><span class='ocrx_word' id='word_1_140' title='bbox 125 1987 173 2042; x_wconf 90' lang='lat' dir='ltr'>ille</span> <span class='ocrx_word' id='word_1_141' title='bbox 184 1986 278 2042; x_wconf 73' lang='lat' dir='ltr'>narem</span> <span class='ocrx_word' id='word_1_142' title='bbox 290 1987 388 2043; x_wconf 85' lang='lat' dir='ltr'>salvam</span> <span class='ocrx_word' id='word_1_143' title='bbox 401 1985 520 2053; x_wconf 78' lang='lat' dir='ltr'>nunciat,</span> <span class='ocrx_word' id='word_1_144' title='bbox 537 1995 584 2042; x_wconf 89' lang='lat' dir='ltr'>aut</span> <span class='ocrx_word' id='word_1_145' title='bbox 592 1987 654 2042; x_wconf 85' lang='lat' dir='ltr'>irati</span> <span class='ocrx_word' id='word_1_146' title='bbox 665 1988 808 2043; x_wconf 80' lang='lat' dir='ltr'>adventdm</span> <span class='ocrx_word' id='word_1_147' title='bbox 821 1987 901 2044; x_wconf 86' lang='lat' dir='ltr'>senis.</span> 
     </span>
    </p>

    <p class='ocr_par' dir='ltr' id='par_1_7' title="bbox 124 2057 1038 2274">
     <span class='ocr_line' id='line_1_19' title="bbox 126 2057 1038 2131; baseline 0.001 -18"><span class='ocrx_word' id='word_1_148' title='bbox 126 2057 204 2130; x_wconf 72' lang='lat' dir='ltr'>pater</span> <span class='ocrx_word' id='word_1_149' title='bbox 215 2068 295 2114; x_wconf 83' lang='lat' dir='ltr'>vocat</span> <span class='ocrx_word' id='word_1_150' title='bbox 306 2077 357 2125; x_wconf 88' lang='lat' dir='ltr'>me,</span> <span class='ocrx_word' id='word_1_151' title='bbox 376 2059 437 2113; x_wconf 82' lang='lat' dir='ltr'>sinn</span> <span class='ocrx_word' id='word_1_152' title='bbox 451 2074 555 2131; x_wconf 88' lang='lat' dir='ltr'>sequor,</span> <span class='ocrx_word' id='word_1_153' title='bbox 565 2060 631 2130; x_wconf 82' lang='lat' dir='ltr'>ejus</span> <span class='ocrx_word' id='word_1_154' title='bbox 643 2059 717 2112; x_wconf 86' lang='lat' dir='ltr'>dicto</span> <span class='ocrx_word' id='word_1_155' title='bbox 725 2059 837 2131; x_wconf 86' lang='lat' dir='ltr'>imperio</span> <span class='ocrx_word' id='word_1_156' title='bbox 849 2076 906 2114; x_wconf 88' lang='lat' dir='ltr'>sum</span> <span class='ocrx_word' id='word_1_157' title='bbox 919 2057 1038 2115; x_wconf 82' lang='lat' dir='ltr'>audiens.</span> 
     </span>
     <span class='ocr_line' id='line_1_20' title="bbox 128 2128 987 2202; baseline -0.002 -18"><span class='ocrx_word' id='word_1_158' title='bbox 128 2128 232 2202; x_wconf 75' lang='lat' dir='ltr'>capidm</span> <span class='ocrx_word' id='word_1_159' title='bbox 244 2146 370 2185; x_wconf 88' lang='lat' dir='ltr'>coronam</span> <span class='ocrx_word' id='word_1_160' title='bbox 383 2129 420 2184; x_wconf 89' lang='lat' dir='ltr'>mi</span> <span class='ocrx_word' id='word_1_161' title='bbox 428 2131 457 2183; x_wconf 85' lang='lat' dir='ltr'>in</span> <span class='ocrx_word' id='word_1_162' title='bbox 470 2147 484 2182; x_wconf 88' lang='lat' dir='ltr'>c</span> <span class='ocrx_word' id='word_1_163' title='bbox 538 2131 559 2195; x_wconf 80' lang='lat' dir='ltr'>t,</span> <span class='ocrx_word' id='word_1_164' title='bbox 576 2129 737 2184; x_wconf 73' lang='lat' dir='ltr'>assimulabo</span> <span class='ocrx_word' id='word_1_165' title='bbox 749 2147 793 2184; x_wconf 90' lang='lat' dir='ltr'>me</span> <span class='ocrx_word' id='word_1_166' title='bbox 804 2146 864 2185; x_wconf 90' lang='lat' dir='ltr'>esse</span> <span class='ocrx_word' id='word_1_167' title='bbox 877 2128 987 2196; x_wconf 74' lang='lat' dir='ltr'>ebrium,</span> 
     </span>
     <span class='ocr_line' id='line_1_21' title="bbox 124 2199 1021 2274; baseline -0.006 -18"><span class='ocrx_word' id='word_1_168' title='bbox 124 2211 207 2273; x_wconf 86' lang='lat' dir='ltr'>atque</span> <span class='ocrx_word' id='word_1_169' title='bbox 218 2199 283 2256; x_wconf 85' lang='lat' dir='ltr'>illuc</span> <span class='ocrx_word' id='word_1_170' title='bbox 295 2218 398 2274; x_wconf 85' lang='lat' dir='ltr'>sursum</span> <span class='ocrx_word' id='word_1_171' title='bbox 410 2199 490 2256; x_wconf 73' lang='lat' dir='ltr'>escen</span> <span class='ocrx_word' id='word_1_172' title='bbox 510 2217 573 2255; x_wconf 79' lang='lat' dir='ltr'>ero:</span> <span class='ocrx_word' id='word_1_173' title='bbox 593 2200 657 2256; x_wconf 89' lang='lat' dir='ltr'>inde</span> <span class='ocrx_word' id='word_1_174' title='bbox 668 2201 778 2272; x_wconf 75' lang='lat' dir='ltr'>optume</span> <span class='ocrx_word' id='word_1_175' title='bbox 789 2199 915 2273; x_wconf 72' lang='lat' dir='ltr'>aspellam</span> <span class='ocrx_word' id='word_1_176' title='bbox 927 2200 1021 2257; x_wconf 86' lang='lat' dir='ltr'>virum.</span> 
     </span>
    </p>
   </div>
   <div class='ocr_carea' id='block_1_5' title="bbox 57 2304 328 2393">
    <p class='ocr_par' dir='ltr' id='par_1_8' title="bbox 57 2304 328 2393">
     <span class='ocr_line' id='line_1_22' title="bbox 57 2304 328 2393; baseline -0.007 -26"><span class='ocrx_word' id='word_1_177' title='bbox 57 2304 168 2382; x_wconf 80' lang='lat' dir='ltr'>Bacch.</span> <span class='ocrx_word' id='word_1_178' title='bbox 184 2304 328 2393; x_wconf 75' lang='lat' dir='ltr'>1v.9,a</span> 
     </span>
    </p>
   </div>
   <div class='ocr_carea' id='block_1_6' title="bbox 10 2418 1284 3431">
    <p class='ocr_par' dir='ltr' id='par_1_9' title="bbox 10 2418 1284 3431">
     <span class='ocr_line' id='line_1_23' title="bbox 127 2418 998 2497; baseline 0 -6"><span class='ocrx_word' id='word_1_179' title='bbox 127 2441 147 2481; x_wconf 85' lang='grc' dir='ltr'><strong>ο</strong></span> <span class='ocrx_word' id='word_1_180' title='bbox 158 2422 251 2493; x_wconf 68' lang='grc' dir='ltr'>Τιόίι,</span> <span class='ocrx_word' id='word_1_181' title='bbox 267 2422 391 2496; x_wconf 73' lang='lat' dir='ltr'>omnia</span> <span class='ocrx_word' id='word_1_182' title='bbox 407 2418 603 2493; x_wconf 70' lang='lat' dir='ltr'>alimmum,</span> <span class='ocrx_word' id='word_1_183' title='bbox 619 2421 761 2491; x_wconf 66' lang='lat' dir='ltr'>amane,</span> <span class='ocrx_word' id='word_1_184' title='bbox 778 2420 888 2497; x_wconf 56' lang='lat' dir='ltr'>atriti,</span> <span class='ocrx_word' id='word_1_185' title='bbox 905 2440 998 2497; x_wconf 70' lang='lat' dir='ltr'>senex·</span> 
     </span>
     <span class='ocr_line' id='line_1_24' title="bbox 56 2524 1192 2606; baseline 0.004 -19"><span class='ocrx_word' id='word_1_186' title='bbox 56 2525 156 2599; x_wconf 32' lang='lat' dir='ltr'>etsie.</span> <span class='ocrx_word' id='word_1_187' title='bbox 207 2526 313 2588; x_wconf 75' lang='lat' dir='ltr'>asiae.</span> <span class='ocrx_word' id='word_1_188' title='bbox 341 2524 1192 2606; x_wconf 71' lang='lat' dir='ltr'>Apudl&#39;erentiumautem,.quoniamisfere&#39;alteracoetu·</span> 
     </span>
     <span class='ocr_line' id='line_1_25' title="bbox 59 2607 1207 2700; baseline 0.003 -31"><span class='ocrx_word' id='word_1_189' title='bbox 59 2626 99 2678; x_wconf 87' lang='lat' dir='ltr'>rs,</span> <span class='ocrx_word' id='word_1_190' title='bbox 108 2628 176 2691; x_wconf 88' lang='lat' dir='ltr'>qme</span> <span class='ocrx_word' id='word_1_191' title='bbox 226 2618 329 2688; x_wconf 85' lang='lat' dir='ltr'>quarta</span> <span class='ocrx_word' id='word_1_192' title='bbox 339 2608 415 2669; x_wconf 84' lang='lat' dir='ltr'>thesi</span> <span class='ocrx_word' id='word_1_193' title='bbox 425 2620 480 2682; x_wconf 87' lang='lat' dir='ltr'>est,</span> <span class='ocrx_word' id='word_1_194' title='bbox 492 2607 594 2680; x_wconf 85' lang='lat' dir='ltr'>utitur,</span> <span class='ocrx_word' id='word_1_195' title='bbox 603 2627 662 2681; x_wconf 86' lang='lat' dir='ltr'>non</span> <span class='ocrx_word' id='word_1_196' title='bbox 675 2609 773 2687; x_wconf 86' lang='lat' dir='ltr'>potuit</span> <span class='ocrx_word' id='word_1_197' title='bbox 786 2608 947 2686; x_wconf 76' lang='lat' dir='ltr'>hievernus</span> <span class='ocrx_word' id='word_1_198' title='bbox 957 2623 1192 2700; x_wconf 75' lang='lat' dir='ltr'>asynartetorum</span> <span class='ocrx_word' id='word_1_199' title='bbox 1205 2636 1207 2640; x_wconf 61' lang='grc'>’</span> 
     </span>
     <span class='ocr_line' id='line_1_26' title="bbox 58 2688 1191 2771; baseline 0.006 -24"><span class='ocrx_word' id='word_1_200' title='bbox 58 2688 153 2770; x_wconf 76' lang='lat' dir='ltr'>legem</span> <span class='ocrx_word' id='word_1_201' title='bbox 164 2691 260 2771; x_wconf 84' lang='lat' dir='ltr'>sequi,</span> <span class='ocrx_word' id='word_1_202' title='bbox 300 2691 367 2751; x_wconf 85' lang='lat' dir='ltr'>Nec</span> <span class='ocrx_word' id='word_1_203' title='bbox 375 2691 545 2760; x_wconf 73' lang='lat' dir='ltr'>Terentius,</span> <span class='ocrx_word' id='word_1_204' title='bbox 567 2690 661 2750; x_wconf 83' lang='lat' dir='ltr'>sicubi</span> <span class='ocrx_word' id='word_1_205' title='bbox 681 2690 711 2748; x_wconf 90' lang='lat' dir='ltr'>iu</span> <span class='ocrx_word' id='word_1_206' title='bbox 735 2700 840 2769; x_wconf 82' lang='lat' dir='ltr'>quarta</span> <span class='ocrx_word' id='word_1_207' title='bbox 863 2691 920 2751; x_wconf 88' lang='lat' dir='ltr'>arsi</span> <span class='ocrx_word' id='word_1_208' title='bbox 945 2710 1085 2752; x_wconf 78' lang='lat' dir='ltr'>caesuram</span> <span class='ocrx_word' id='word_1_209' title='bbox 1107 2694 1191 2768; x_wconf 82' lang='lat' dir='ltr'>fecit,</span> 
     </span>
     <span class='ocr_line' id='line_1_27' title="bbox 62 2770 1284 2908; baseline 0.005 -77"><span class='ocrx_word' id='word_1_210' title='bbox 62 2772 122 2908; x_wconf 65' lang='lat' dir='ltr'>qam</span> <span class='ocrx_word' id='word_1_211' title='bbox 135 2771 285 2833; x_wconf 73' lang='lat' dir='ltr'>licentiam</span> <span class='ocrx_word' id='word_1_212' title='bbox 297 2770 414 2834; x_wconf 83' lang='lat' dir='ltr'>videtur</span> <span class='ocrx_word' id='word_1_213' title='bbox 426 2773 585 2847; x_wconf 70' lang='lat' dir='ltr'>admisisse,</span> <span class='ocrx_word' id='word_1_214' title='bbox 606 2772 661 2831; x_wconf 90' lang='lat' dir='ltr'>nisi</span> <span class='ocrx_word' id='word_1_215' title='bbox 675 2772 752 2832; x_wconf 85' lang='lat' dir='ltr'>forte</span> <span class='ocrx_word' id='word_1_216' title='bbox 766 2783 948 2839; x_wconf 83' lang='lat' dir='ltr'>correctores</span> <span class='ocrx_word' id='word_1_217' title='bbox 960 2775 1045 2834; x_wconf 82' lang='lat' dir='ltr'>nobis</span> <span class='ocrx_word' id='word_1_218' title='bbox 1056 2775 1192 2837; x_wconf 82' lang='lat' dir='ltr'>fraudem</span> <span class='ocrx_word' id='word_1_219' title='bbox 1281 2838 1284 2851; x_wconf 74' lang='grc'>,</span> 
     </span>
     <span class='ocr_line' id='line_1_28' title="bbox 74 2865 1006 2919; baseline 0.009 -6"><span class='ocrx_word' id='word_1_220' title='bbox 74 2865 202 2915; x_wconf 82' lang='lat' dir='ltr'>accrum.</span> <span class='ocrx_word' id='word_1_221' title='bbox 379 2914 383 2919; x_wconf 94' lang='lat'>.</span> <span class='ocrx_word' id='word_1_222' title='bbox 1002 2887 1006 2905; x_wconf 93' lang='lat'>··</span> 
     </span>
     <span class='ocr_line' id='line_1_29' title="bbox 98 2935 1192 3016; baseline 0.003 -22"><span class='ocrx_word' id='word_1_223' title='bbox 98 2938 128 2995; x_wconf 74' lang='lat' dir='ltr'>l.</span> <span class='ocrx_word' id='word_1_224' title='bbox 149 2935 200 2995; x_wconf 79' lang='lat' dir='ltr'>Aa</span> <span class='ocrx_word' id='word_1_225' title='bbox 213 2953 378 2996; x_wconf 88' lang='lat' dir='ltr'>mensuram</span> <span class='ocrx_word' id='word_1_226' title='bbox 387 2935 469 3016; x_wconf 90' lang='lat' dir='ltr'>quod</span> <span class='ocrx_word' id='word_1_227' title='bbox 482 2936 598 3010; x_wconf 81' lang='lat' dir='ltr'>attinet,</span> <span class='ocrx_word' id='word_1_228' title='bbox 612 2935 726 3008; x_wconf 67' lang='lat' dir='ltr'>eadem</span> <span class='ocrx_word' id='word_1_229' title='bbox 740 2935 858 3014; x_wconf 75' lang='lat' dir='ltr'>quade</span> <span class='ocrx_word' id='word_1_230' title='bbox 871 2935 1045 3001; x_wconf 74' lang='lat' dir='ltr'>catalectico</span> <span class='ocrx_word' id='word_1_231' title='bbox 1055 2937 1192 3012; x_wconf 70' lang='lat' dir='ltr'>diximus</span> 
     </span>
     <span class='ocr_line' id='line_1_30' title="bbox 66 3011 1202 3105; baseline 0.011 -36"><span class='ocrx_word' id='word_1_232' title='bbox 66 3011 91 3071; x_wconf 85' lang='lat' dir='ltr'>in</span> <span class='ocrx_word' id='word_1_233' title='bbox 101 3015 180 3077; x_wconf 90' lang='lat' dir='ltr'>bunc</span> <span class='ocrx_word' id='word_1_234' title='bbox 194 3035 312 3105; x_wconf 88' lang='lat' dir='ltr'>quoque</span> <span class='ocrx_word' id='word_1_235' title='bbox 324 3035 441 3078; x_wconf 87' lang='lat' dir='ltr'>versum</span> <span class='ocrx_word' id='word_1_236' title='bbox 454 3019 609 3099; x_wconf 86' lang='lat' dir='ltr'>quadrant.</span> <span class='ocrx_word' id='word_1_237' title='bbox 650 3017 727 3077; x_wconf 87' lang='lat' dir='ltr'>Nam</span> <span class='ocrx_word' id='word_1_238' title='bbox 737 3018 825 3089; x_wconf 79' lang='lat' dir='ltr'>aolus,</span> <span class='ocrx_word' id='word_1_239' title='bbox 841 3017 949 3097; x_wconf 84' lang='lat' dir='ltr'>dequo</span> <span class='ocrx_word' id='word_1_240' title='bbox 958 3019 1057 3099; x_wconf 86' lang='lat' dir='ltr'>aliqua</span> <span class='ocrx_word' id='word_1_241' title='bbox 1069 3019 1202 3099; x_wconf 52' lang='lat' dir='ltr'>quaestio¹</span> 
     </span>
     <span class='ocr_line' id='line_1_31' title="bbox 68 3099 1192 3180; baseline 0.006 -27"><span class='ocrx_word' id='word_1_242' title='bbox 68 3099 167 3157; x_wconf 84' lang='lat' dir='ltr'>moveri</span> <span class='ocrx_word' id='word_1_243' title='bbox 180 3109 290 3178; x_wconf 87' lang='lat' dir='ltr'>potest,</span> <span class='ocrx_word' id='word_1_244' title='bbox 310 3111 431 3178; x_wconf 87' lang='lat' dir='ltr'>quartus</span> <span class='ocrx_word' id='word_1_245' title='bbox 445 3121 496 3180; x_wconf 86' lang='lat' dir='ltr'>pse</span> <span class='ocrx_word' id='word_1_246' title='bbox 510 3111 565 3173; x_wconf 87' lang='lat' dir='ltr'>est,</span> <span class='ocrx_word' id='word_1_247' title='bbox 586 3118 674 3180; x_wconf 84' lang='lat' dir='ltr'>quem</span> <span class='ocrx_word' id='word_1_248' title='bbox 688 3116 775 3158; x_wconf 85' lang='lat' dir='ltr'>nemo</span> <span class='ocrx_word' id='word_1_249' title='bbox 788 3117 849 3167; x_wconf 82' lang='lat' dir='ltr'>non</span> <span class='ocrx_word' id='word_1_250' title='bbox 868 3099 970 3172; x_wconf 62' lang='lat' dir='ltr'>videt,</span> <span class='ocrx_word' id='word_1_251' title='bbox 979 3102 1005 3159; x_wconf 89' lang='lat' dir='ltr'>si</span> <span class='ocrx_word' id='word_1_252' title='bbox 1027 3121 1138 3162; x_wconf 74' lang='lat' dir='ltr'>casura</span> <span class='ocrx_word' id='word_1_253' title='bbox 1160 3100 1192 3160; x_wconf 82' lang='lat' dir='ltr'>ia</span> 
     </span>
     <span class='ocr_line' id='line_1_32' title="bbox 10 3173 1191 3261; baseline 0.011 -30"><span class='ocrx_word' id='word_1_254' title='bbox 10 3212 14 3237; x_wconf 87' lang='grc'><strong>.</strong></span> <span class='ocrx_word' id='word_1_255' title='bbox 70 3173 119 3236; x_wconf 88' lang='lat' dir='ltr'>line</span> <span class='ocrx_word' id='word_1_256' title='bbox 130 3183 194 3258; x_wconf 81' lang='lat' dir='ltr'>ejus</span> <span class='ocrx_word' id='word_1_257' title='bbox 208 3191 264 3252; x_wconf 85' lang='lat' dir='ltr'>eat,</span> <span class='ocrx_word' id='word_1_258' title='bbox 285 3183 390 3243; x_wconf 90' lang='lat' dir='ltr'>eodem</span> <span class='ocrx_word' id='word_1_259' title='bbox 403 3183 491 3244; x_wconf 89' lang='lat' dir='ltr'>modo</span> <span class='ocrx_word' id='word_1_260' title='bbox 505 3183 614 3244; x_wconf 83' lang='lat' dir='ltr'>debers</span> <span class='ocrx_word' id='word_1_261' title='bbox 624 3187 824 3261; x_wconf 87' lang='lat' dir='ltr'>comparatum</span> <span class='ocrx_word' id='word_1_262' title='bbox 832 3200 908 3256; x_wconf 81' lang='lat' dir='ltr'>esse,</span> <span class='ocrx_word' id='word_1_263' title='bbox 922 3193 956 3241; x_wconf 91' lang='lat' dir='ltr'>ut</span> <span class='ocrx_word' id='word_1_264' title='bbox 966 3183 996 3247; x_wconf 84' lang='lat' dir='ltr'>in</span> <span class='ocrx_word' id='word_1_265' title='bbox 1006 3182 1191 3257; x_wconf 81' lang='lat' dir='ltr'>catalectico,</span> 
     </span>
     <span class='ocr_line' id='line_1_33' title="bbox 10 3261 1255 3343; baseline 0.005 -25"><span class='ocrx_word' id='word_1_266' title='bbox 10 3263 18 3329; x_wconf 78' lang='lat'>&#39;.&#39;</span> <span class='ocrx_word' id='word_1_267' title='bbox 71 3273 198 3321; x_wconf 79' lang='lat' dir='ltr'>casuram</span> <span class='ocrx_word' id='word_1_268' title='bbox 221 3261 355 3323; x_wconf 86' lang='lat' dir='ltr'>eamdem</span> <span class='ocrx_word' id='word_1_269' title='bbox 376 3263 515 3325; x_wconf 87' lang='lat' dir='ltr'>habente.</span> <span class='ocrx_word' id='word_1_270' title='bbox 555 3264 662 3343; x_wconf 87' lang='lat' dir='ltr'>Itaque</span> <span class='ocrx_word' id='word_1_271' title='bbox 683 3282 741 3323; x_wconf 89' lang='lat' dir='ltr'>nec</span> <span class='ocrx_word' id='word_1_272' title='bbox 763 3263 997 3343; x_wconf 76' lang='lat' dir='ltr'>spandaoioous</span> <span class='ocrx_word' id='word_1_273' title='bbox 1017 3276 1073 3338; x_wconf 85' lang='lat' dir='ltr'>est,</span> <span class='ocrx_word' id='word_1_274' title='bbox 1093 3282 1191 3342; x_wconf 87' lang='lat' dir='ltr'>neque</span> <span class='ocrx_word' id='word_1_275' title='bbox 1252 3266 1255 3270; x_wconf 54' lang='lat'><strong><em>⁴</em></strong></span> 
     </span>
     <span class='ocr_line' id='line_1_34' title="bbox 10 3342 1178 3431; baseline 0.004 -28"><span class='ocrx_word' id='word_1_276' title='bbox 10 3360 17 3431; x_wconf 53' lang='grc' dir='ltr'>ᾗ</span> <span class='ocrx_word' id='word_1_277' title='bbox 38 3342 49 3359; x_wconf 68' lang='grc'><em>“</em></span> <span class='ocrx_word' id='word_1_278' title='bbox 72 3353 216 3420; x_wconf 73' lang='lat' dir='ltr'>aspecto,</span> <span class='ocrx_word' id='word_1_279' title='bbox 235 3343 388 3427; x_wconf 82' lang='lat' dir='ltr'>multoque</span> <span class='ocrx_word' id='word_1_280' title='bbox 400 3346 496 3407; x_wconf 86' lang='lat' dir='ltr'>minus</span> <span class='ocrx_word' id='word_1_281' title='bbox 509 3344 638 3425; x_wconf 88' lang='lat' dir='ltr'>dactylo.</span> <span class='ocrx_word' id='word_1_282' title='bbox 680 3344 772 3424; x_wconf 82' lang='lat' dir='ltr'>Apud</span> <span class='ocrx_word' id='word_1_283' title='bbox 787 3345 924 3405; x_wconf 71' lang='lat' dir='ltr'>illautum</span> <span class='ocrx_word' id='word_1_284' title='bbox 939 3345 1028 3425; x_wconf 87' lang='lat' dir='ltr'>Epid.</span> <span class='ocrx_word' id='word_1_285' title='bbox 1042 3347 1068 3408; x_wconf 89' lang='lat'>1.</span> <span class='ocrx_word' id='word_1_286' title='bbox 1083 3350 1112 3420; x_wconf 92' lang='lat'>1,</span> <span class='ocrx_word' id='word_1_287' title='bbox 1126 3350 1178 3408; x_wconf 76' lang='lat' dir='ltr'>lo.</span> 
     </span>
    </p>
   </div>
   <div class='ocr_carea' id='block_1_7' title="bbox 14 3456 1079 3754">
    <p class='ocr_par' dir='ltr' id='par_1_10' title="bbox 14 3456 1079 3754">
     <span class='ocr_line' id='line_1_35' title="bbox 14 3456 981 3557; baseline 0.008 -46"><span class='ocrx_word' id='word_1_288' title='bbox 14 3464 18 3511; x_wconf 76' lang='grc' dir='ltr'>ἒ</span> <span class='ocrx_word' id='word_1_289' title='bbox 129 3456 230 3540; x_wconf 73' lang='lat' dir='ltr'>patrem</span> <span class='ocrx_word' id='word_1_290' title='bbox 242 3460 332 3517; x_wconf 83' lang='lat' dir='ltr'>videre</span> <span class='ocrx_word' id='word_1_291' title='bbox 344 3460 374 3519; x_wconf 72' lang='lat' dir='ltr'>se</span> <span class='ocrx_word' id='word_1_292' title='bbox 385 3478 441 3527; x_wconf 81' lang='lat' dir='ltr'>nnn</span> <span class='ocrx_word' id='word_1_293' title='bbox 452 3461 510 3519; x_wconf 88' lang='lat' dir='ltr'>volt</span> <span class='ocrx_word' id='word_1_294' title='bbox 521 3459 601 3519; x_wconf 70' lang='lat' dir='ltr'>etiam</span> <span class='ocrx_word' id='word_1_295' title='bbox 613 3479 693 3516; x_wconf 86' lang='lat' dir='ltr'>nunc·</span> <span class='ocrx_word' id='word_1_296' title='bbox 705 3459 884 3557; x_wconf 63' lang='lat' dir='ltr'>quapropter?</span> <span class='ocrx_word' id='word_1_297' title='bbox 902 3463 981 3531; x_wconf 87' lang='lat' dir='ltr'>scies,</span> 
     </span>
     <span class='ocr_line' id='line_1_36' title="bbox 75 3559 1079 3644; baseline 0.014 -30"><span class='ocrx_word' id='word_1_298' title='bbox 75 3559 154 3622; x_wconf 83' lang='lat' dir='ltr'>scribe</span> <span class='ocrx_word' id='word_1_299' title='bbox 174 3563 279 3638; x_wconf 84' lang='lat' dir='ltr'>nevolt,</span> <span class='ocrx_word' id='word_1_300' title='bbox 299 3584 357 3644; x_wconf 91' lang='lat' dir='ltr'>quo</span> <span class='ocrx_word' id='word_1_301' title='bbox 372 3564 454 3625; x_wconf 88' lang='lat' dir='ltr'>ducit</span> <span class='ocrx_word' id='word_1_302' title='bbox 468 3565 604 3627; x_wconf 89' lang='lat' dir='ltr'>codicum</span> <span class='ocrx_word' id='word_1_303' title='bbox 617 3563 707 3633; x_wconf 79' lang='lat' dir='ltr'>lectio</span> <span class='ocrx_word' id='word_1_304' title='bbox 719 3585 821 3637; x_wconf 68' lang='lat' dir='ltr'>senem</span> <span class='ocrx_word' id='word_1_305' title='bbox 862 3565 977 3636; x_wconf 83' lang='lat' dir='ltr'>Ibidem</span> <span class='ocrx_word' id='word_1_306' title='bbox 991 3586 1018 3629; x_wconf 87' lang='lat' dir='ltr'>v.</span> <span class='ocrx_word' id='word_1_307' title='bbox 1030 3570 1079 3628; x_wconf 82' lang='lat'>26.</span> 
     </span>
     <span class='ocr_line' id='line_1_37' title="bbox 130 3668 940 3754; baseline 0.004 -20"><span class='ocrx_word' id='word_1_308' title='bbox 130 3676 236 3737; x_wconf 80' lang='lat' dir='ltr'>lictdres</span> <span class='ocrx_word' id='word_1_309' title='bbox 246 3679 311 3748; x_wconf 91' lang='lat' dir='ltr'>duo,</span> <span class='ocrx_word' id='word_1_310' title='bbox 328 3682 382 3738; x_wconf 93' lang='lat' dir='ltr'>duo</span> <span class='ocrx_word' id='word_1_311' title='bbox 394 3681 501 3739; x_wconf 83' lang='lat' dir='ltr'>viminei</span> <span class='ocrx_word' id='word_1_312' title='bbox 512 3680 599 3740; x_wconf 74' lang='lat' dir='ltr'>fasces</span> <span class='ocrx_word' id='word_1_313' title='bbox 607 3668 745 3754; x_wconf 80' lang='lat' dir='ltr'>virgarum.</span> <span class='ocrx_word' id='word_1_314' title='bbox 762 3680 813 3739; x_wconf 76' lang='lat' dir='ltr'>vae</span> <span class='ocrx_word' id='word_1_315' title='bbox 825 3680 882 3749; x_wconf 88' lang='lat' dir='ltr'>tibi,</span> <span class='ocrx_word' id='word_1_316' title='bbox 925 3702 940 3720; x_wconf 63' lang='grc'>»·</span> 
     </span>
    </p>
   </div>
   <div class='ocr_carea' id='block_1_8' title="bbox 73 3765 1189 3957">
    <p class='ocr_par' dir='ltr' id='par_1_11' title="bbox 73 3765 1189 3957">
     <span class='ocr_line' id='line_1_38' title="bbox 73 3765 1189 3867; baseline 0.008 -28"><span class='ocrx_word' id='word_1_317' title='bbox 73 3791 153 3855; x_wconf 73' lang='lat' dir='ltr'>metro</span> <span class='ocrx_word' id='word_1_318' title='bbox 166 3796 235 3865; x_wconf 81' lang='lat' dir='ltr'>apta</span> <span class='ocrx_word' id='word_1_319' title='bbox 248 3796 294 3847; x_wconf 85' lang='lat' dir='ltr'>est</span> <span class='ocrx_word' id='word_1_320' title='bbox 307 3765 396 3847; x_wconf 79' lang='lat' dir='ltr'>lectio</span> <span class='ocrx_word' id='word_1_321' title='bbox 408 3787 474 3850; x_wconf 87' lang='lat' dir='ltr'>cod.</span> <span class='ocrx_word' id='word_1_322' title='bbox 483 3787 563 3855; x_wconf 78' lang='lat' dir='ltr'>tertii</span> <span class='ocrx_word' id='word_1_323' title='bbox 572 3786 635 3861; x_wconf 73' lang='lat' dir='ltr'>Pal.</span> <span class='ocrx_word' id='word_1_324' title='bbox 645 3786 794 3859; x_wconf 75' lang='lat' dir='ltr'>nimiaume</span> <span class='ocrx_word' id='word_1_325' title='bbox 808 3785 861 3846; x_wconf 93' lang='lat' dir='ltr'>sed</span> <span class='ocrx_word' id='word_1_326' title='bbox 871 3786 963 3866; x_wconf 81' lang='lat' dir='ltr'>magis</span> <span class='ocrx_word' id='word_1_327' title='bbox 973 3797 1070 3846; x_wconf 87' lang='lat' dir='ltr'>tamen</span> <span class='ocrx_word' id='word_1_328' title='bbox 1080 3786 1189 3867; x_wconf 88' lang='lat' dir='ltr'>placet,</span> 
     </span>
     <span class='ocr_line' id='line_1_39' title="bbox 73 3863 969 3957; baseline 0.009 -36"><span class='ocrx_word' id='word_1_329' title='bbox 73 3863 139 3943; x_wconf 79' lang='lat' dir='ltr'>qued</span> <span class='ocrx_word' id='word_1_330' title='bbox 152 3866 272 3947; x_wconf 74' lang='lat' dir='ltr'>quidam¹</span> <span class='ocrx_word' id='word_1_331' title='bbox 285 3866 614 3955; x_wconf 41' lang='grc' dir='ltr'>ιιοιιῇεόειιιιιι,ζιιιιιιεί.ι</span> <span class='ocrx_word' id='word_1_332' title='bbox 640 3867 677 3953; x_wconf 80' lang='lat' dir='ltr'>In</span> <span class='ocrx_word' id='word_1_333' title='bbox 692 3870 782 3957; x_wconf 78' lang='lat' dir='ltr'>Amp.</span> <span class='ocrx_word' id='word_1_334' title='bbox 795 3867 854 3940; x_wconf 80' lang='lat' dir='ltr'>lli.</span> <span class='ocrx_word' id='word_1_335' title='bbox 867 3874 897 3940; x_wconf 82' lang='lat'>4,</span> <span class='ocrx_word' id='word_1_336' title='bbox 922 3875 969 3931; x_wconf 92' lang='lat'>11.</span> 
     </span>
    </p>
   </div>
   <div class='ocr_carea' id='block_1_9' title="bbox 131 3982 1033 4065">
    <p class='ocr_par' dir='ltr' id='par_1_12' title="bbox 131 3982 1033 4065">
     <span class='ocr_line' id='line_1_40' title="bbox 131 3982 1033 4065; baseline 0.018 -30"><span class='ocrx_word' id='word_1_337' title='bbox 131 3982 229 4055; x_wconf 87' lang='lat' dir='ltr'>siquid</span> <span class='ocrx_word' id='word_1_338' title='bbox 238 3983 308 4055; x_wconf 81' lang='lat' dir='ltr'>patri</span> <span class='ocrx_word' id='word_1_339' title='bbox 319 3984 417 4056; x_wconf 85' lang='lat' dir='ltr'>volupe</span> <span class='ocrx_word' id='word_1_340' title='bbox 428 3985 480 4054; x_wconf 75' lang='lat' dir='ltr'>est,</span> <span class='ocrx_word' id='word_1_341' title='bbox 495 3987 619 4043; x_wconf 81' lang='lat' dir='ltr'>voluntas</span> <span class='ocrx_word' id='word_1_342' title='bbox 630 3983 664 4055; x_wconf 71' lang='lat' dir='ltr'>ea</span> <span class='ocrx_word' id='word_1_343' title='bbox 675 3984 739 4065; x_wconf 80' lang='lat' dir='ltr'>milri</span> <span class='ocrx_word' id='word_1_344' title='bbox 750 3985 836 4044; x_wconf 87' lang='lat' dir='ltr'>multo</span> <span class='ocrx_word' id='word_1_345' title='bbox 848 3983 972 4045; x_wconf 68' lang='lat' dir='ltr'>mfixuma</span> <span class='ocrx_word' id='word_1_346' title='bbox 984 3994 1033 4051; x_wconf 62' lang='lat' dir='ltr'>eti,</span> 
     </span>
    </p>
   </div>
   <div class='ocr_carea' id='block_1_10' title="bbox 10 4088 1233 4413">
    <p class='ocr_par' dir='ltr' id='par_1_13' title="bbox 10 4088 1233 4413">
     <span class='ocr_line' id='line_1_41' title="bbox 10 4088 1233 4228; baseline 0.002 -82"><span class='ocrx_word' id='word_1_347' title='bbox 10 4170 17 4179; x_wconf 19' lang='grc' dir='ltr'>ἡ</span> <span class='ocrx_word' id='word_1_348' title='bbox 67 4098 118 4147; x_wconf 80' lang='lat' dir='ltr'>nou</span> <span class='ocrx_word' id='word_1_349' title='bbox 131 4099 295 4228; x_wconf 68' lang='lat' dir='ltr'>anaqaestus</span> <span class='ocrx_word' id='word_1_350' title='bbox 308 4098 353 4148; x_wconf 92' lang='lat' dir='ltr'>est</span> <span class='ocrx_word' id='word_1_351' title='bbox 366 4088 505 4185; x_wconf 78' lang='lat' dir='ltr'>uoluptas,</span> <span class='ocrx_word' id='word_1_352' title='bbox 526 4090 579 4151; x_wconf 89' lang='lat' dir='ltr'>aed</span> <span class='ocrx_word' id='word_1_353' title='bbox 592 4090 749 4162; x_wconf 86' lang='lat' dir='ltr'>Bacchius,</span> <span class='ocrx_word' id='word_1_354' title='bbox 770 4109 803 4150; x_wconf 82' lang='lat' dir='ltr'>eo</span> <span class='ocrx_word' id='word_1_355' title='bbox 818 4101 916 4151; x_wconf 88' lang='lat' dir='ltr'>autem</span> <span class='ocrx_word' id='word_1_356' title='bbox 930 4109 988 4151; x_wconf 88' lang='lat' dir='ltr'>una</span> <span class='ocrx_word' id='word_1_357' title='bbox 1001 4090 1112 4171; x_wconf 89' lang='lat' dir='ltr'>syllaba</span> <span class='ocrx_word' id='word_1_358' title='bbox 1122 4107 1190 4170; x_wconf 85' lang='lat' dir='ltr'>pro·</span> <span class='ocrx_word' id='word_1_359' title='bbox 1228 4116 1233 4129; x_wconf 44' lang='grc' dir='ltr'>ι</span> 
     </span>
     <span class='ocr_line' id='line_1_42' title="bbox 10 4170 1191 4252; baseline 0.006 -29"><span class='ocrx_word' id='word_1_360' title='bbox 10 4196 15 4247; x_wconf 67' lang='lat'><em>3</em></span> <span class='ocrx_word' id='word_1_361' title='bbox 64 4181 185 4230; x_wconf 87' lang='lat' dir='ltr'>nuucraa</span> <span class='ocrx_word' id='word_1_362' title='bbox 208 4189 267 4251; x_wconf 85' lang='lat' dir='ltr'>um.</span> <span class='ocrx_word' id='word_1_363' title='bbox 312 4170 372 4231; x_wconf 82' lang='lat' dir='ltr'>Sed</span> <span class='ocrx_word' id='word_1_364' title='bbox 384 4172 435 4231; x_wconf 88' lang='lat' dir='ltr'>ubr</span> <span class='ocrx_word' id='word_1_365' title='bbox 449 4172 479 4230; x_wconf 87' lang='lat' dir='ltr'>ic</span> <span class='ocrx_word' id='word_1_366' title='bbox 493 4184 596 4252; x_wconf 89' lang='lat' dir='ltr'>quarta</span> <span class='ocrx_word' id='word_1_367' title='bbox 609 4172 685 4232; x_wconf 89' lang='lat' dir='ltr'>thesi</span> <span class='ocrx_word' id='word_1_368' title='bbox 700 4191 811 4232; x_wconf 86' lang='lat' dir='ltr'>caesnra</span> <span class='ocrx_word' id='word_1_369' title='bbox 828 4171 871 4242; x_wconf 87' lang='lat' dir='ltr'>fit,</span> <span class='ocrx_word' id='word_1_370' title='bbox 893 4182 975 4232; x_wconf 90' lang='lat' dir='ltr'>recte</span> <span class='ocrx_word' id='word_1_371' title='bbox 996 4183 1028 4233; x_wconf 89' lang='lat' dir='ltr'>et</span> <span class='ocrx_word' id='word_1_372' title='bbox 1045 4171 1191 4251; x_wconf 89' lang='lat' dir='ltr'>spondeus</span> 
     </span>
     <span class='ocr_line' id='line_1_43' title="bbox 10 4251 1191 4413; baseline 0.034 -140"><span class='ocrx_word' id='word_1_373' title='bbox 10 4266 13 4273; x_wconf 37' lang='grc' dir='ltr'>ι</span> <span class='ocrx_word' id='word_1_374' title='bbox 63 4252 479 4413; x_wconf 52' lang='lat' dir='ltr'>2,magqu,quqqq&#39;e¹t4rlalcgqlus</span> <span class='ocrx_word' id='word_1_375' title='bbox 493 4265 625 4337; x_wconf 85' lang='lat' dir='ltr'>quartam</span> <span class='ocrx_word' id='word_1_376' title='bbox 639 4253 739 4341; x_wconf 84' lang='lat' dir='ltr'>sedem</span> <span class='ocrx_word' id='word_1_377' title='bbox 762 4252 987 4334; x_wconf 73' lang='lat' dir='ltr'>ingrediuntur:</span> <span class='ocrx_word' id='word_1_378' title='bbox 1018 4251 1191 4327; x_wconf 83' lang='lat' dir='ltr'>Plautusia</span> 
     </span>
    </p>
   </div>
   <div class='ocr_carea' id='block_1_11' title="bbox 0 0 1356 4866">
    <p class='ocr_par' dir='ltr' id='par_1_14' title="bbox 0 0 1356 4866">
     <span class='ocr_line' id='line_1_44' title="bbox 0 0 1356 4866; baseline 0 0"><span class='ocrx_word' id='word_1_379' title='bbox 0 0 1356 4866; x_wconf 95' lang='lat' dir='ltr'> </span> 
     </span>
    </p>
   </div>
  </div>
 </body>
</html>
