2694 4866
110 285 152 350 μ
260 330 264 335 .
493 276 583 337 nra:
596 276 637 336 11.
660 275 754 336 css.
775 276 860 337 xiv.

115 446 207 519 Quod
218 466 305 510 secus
319 458 376 521 est,
395 446 478 508 brevi
491 464 651 527 praegresso
666 444 778 517 ordine,
799 456 943 527 sequente
956 455 1056 507 autem
1063 445 1214 527 longiore:
1270 506 1272 529 i

203 626 450 711 ss-l-Lu...
480 625 526 687 vel
556 625 832 710 uss-'J-w..

121 746 182 810 Sed
195 744 260 824 quis
274 745 444 818 contendat,
465 742 489 802 si
504 743 566 802 aliis
580 742 611 800 in
622 742 709 802 rebus
723 741 880 822 aliquando
893 741 1122 821 negligentiores
1134 742 1242 804 fuerint

115 830 406 923 po'e'tae,·numquam
420 845 481 920 ‘eos
505 825 562 920 hac
586 824 616 882 in
633 843 671 920 're
695 824 805 905 aliquid
825 823 945 919 incuriae
958 822 1128 884 admisisse?
1167 823 1243 919 Quod

117 905 1240 1068 tatuit?i“tutislltlhtttiltttltlgillilitu

120 1071 306 1133 crediderim.
347 1069 474 1130 incuriae
497 1069 649 1156 tribuerim
673 1070 763 1129 etiam
789 1068 943 1149 Sophoclis
963 1088 1081 1129 versum
1104 1070 1136 1128 in
1161 1071 1240 1160 Ajaoa

121 1158 213 1216 1101.
253 1152 321 1212 Nec
339 1151 631 1232 prorsusnegaverim
647 1150 685 1210 de
700 1150 852 1232 AEschylo,
873 1150 928 1211 etsi
940 1150 1027 1211 facile
1038 1150 1104 1231 quis
1114 1152 1241 1233 suspirari

120 1236 223 1316 possit,
244 1253 313 1293 eum
326 1234 382 1292 isto
396 1234 427 1292 in
441 1233 507 1293 loco
520 1234 680 1313 scripsisse,

202 1360 274 1442 agise
285 1383 312 1419 cs
326 1360 403 1439 νικᾷν,
424 1362 470 1418 arsi
483 1356 621 1441 sappirum
630 1361 727 1424 send.

122 1472 160 1532 In
172 1473 254 1534 Ionis
267 1473 351 1534 initio
364 1485 462 1534 autem
476 1474 611 1533 consulto
633 1472 804 1553 Euripidem
822 1483 896 1552 puto
918 1490 1002 1543 onus,
1023 1472 1106 1552 qnod
1126 1469 1238 1532 humeris

123 1556 280 1617 sustineret
298 1555 391 1628 Atlas,
411 1555 586 1635 impeditiori
599 1574 722 1615 numero
736 1555 896 1635 depingere
909 1554 1044 1626 voluisse,
1059 1564 1092 1613 ut
1099 1558 1238 1634 jamsuprs

121 1634 172 1696 lib.
187 1641 212 1699 I.
227 1657 292 1717 cap.
306 1643 336 1709 8,
357 1643 386 1700 9.
407 1637 544 1699 indicavi.
586 1636 647 1697 Sed
670 1639 701 1695 in
726 1636 794 1697 Alc.
819 1642 905 1697 1083.
927 1655 988 1695 uon
1008 1636 1237 1701 intercedam-ae
1269 1672 1272 1681 ¹

123 1738 285 1796 pronomen
297 1747 330 1798 με
343 1720 472 1780 tollatur.
513 1719 661 1778 Praeterea
670 1718 700 1776 in
714 1717 773 1778 hoc
786 1737 904 1797 quoque
924 1736 1032 1796 genere
1053 1716 1164 1796 aliquid
1183 1735 1237 1777 con·
1270 1768 1272 1777 ,

123 1801 288 1860 cedendum
301 1801 417 1861 videtur
430 1801 595 1860 nominibus
608 1799 744 1880 propriis,
764 1800 891 1859 maxime
912 1801 943 1856 in
961 1799 1103 1879 syllabam
1122 1812 1182 1859 non
1201 1815 1238 1855 na·

70 1924 74 1931 -
122 1891 189 1941 tura
201 1883 505 1962 longamterminatis,
526 1894 560 1942 ut
572 1882 603 1940 in
618 1880 752 1961 AEschyli
767 1882 863 1942 Persis
875 1901 904 1941 v.
915 1884 986 1942 331.

205 2005 297 2080 septbr,
319 2000 366 2062 ‘o'r'
379 2002 468 2085 irShir
479 1997 652 2084 berwino,
673 1996 802 2082 Eripiente.

124 2115 230 2196 Neque
242 2116 320 2175 enim
329 2116 473 2196 persuasit
482 2115 553 2173 mihi
567 2117 714 2176 Porsonus
728 2135 758 2192 p.
773 2117 823 2175 35.
835 2111 980 2174 excidisse
993 2111 1104 2192 aliquid
1123 2122 1188 2192 post
1199 2127 1236 2168 no·

122 2216 192 2256 men
207 2197 384 2258 Ario'mardi.
426 2199 475 2257 Ex
488 2197 534 2256 his
543 2216 622 2268 vero,
640 2184 710 2275 'quae
724 2196 867 2254 hactenus
881 2193 1034 2274 disputavi,
1055 2206 1187 2274 apertum
1196 2201 1237 2260 est,

124 2279 179 2338 hos
193 2298 306 2353 versus,
327 2279 451 2340 alterum
465 2278 614 2358 Euripidis
627 2278 658 2336 in
673 2276 797 2339 Heracl.
810 2277 880 2339 640.
922 2275 1077 2355 Sophoclis
1087 2271 1237 2338 alterumiu

124 2360 196 2418 OEd.
217 2361 283 2421 Col.
306 2367 394 2422 1543.
415 2380 488 2440 quos
505 2361 652 2418 Porsonus
672 2379 703 2438 p.
717 2365 766 2422 33.
780 2369 814 2418 ut
827 2357 937 2437 regulae
951 2377 969 2417 a
981 2376 1013 2417 se
1027 2358 1193 2418 constitute
1202 2372 1235 2414 re
1262 2372 1268 2433 '.

120 2453 297 2520 pugnantes,
319 2442 425 2519 corrigi
438 2440 512 2512 vult,
533 2440 737 2503 emendatione
757 2459 817 2501 non
839 2440 982 2518 indigere,
1003 2459 1095 2520 quum
1118 2439 1150 2499 in
1172 2450 1234 2499 utro·

122 2541 180 2600 que
195 2541 306 2582 caesura
317 2526 482 2606 ἑφθημιμεςιὶς
490 2521 544 2582 sit:

204 2635 361 2712 cioches-5³,
382 2637 447 2709 ἥκεις
461 2633 525 2721 olgea,
547 2636 562 2744 ΙΙ
576 2639 656 2746 curig
672 2634 681 2718 Ι
698 2640 738 2716 νξὶν
752 2640 864 2710 βλάβης.

202 2723 268 2800 eggis
282 2720 321 2783 ad
331 2721 470 2801 πίφασμαι
484 2738 581 2792 sessu,
599 2719 613 2803 ΙΙ
628 2721 710 2804 dmg
728 2719 734 2802 Ι
752 2723 806 2799 σφὼ
819 2721 909 2801 vargi.

121 2833 229 2913 Neque
242 2856 316 2915 opus
329 2836 511 2908 habebimus,
532 2835 612 2914 quod
624 2834 673 2894 ille
686 2854 716 2914 p.
732 2841 781 2897 34.
796 2834 825 2892 in
841 2844 979 2913 quattuor
991 2832 1133 2907 versibus,
1146 2833 1175 2893 in
1185 2829 1231 2912 qui·

122 2915 177 2975 bus
191 2917 453 2986 vocabulum-eilde
468 2929 499 2977 et
512 2917 577 2979 silis
591 2917 750 2996 postillam
765 2936 905 2976 caesuram
919 2927 974 2989 est,
994 2915 1058 2975 fieri
1072 2915 1144 2988 vult,
1164 2930 1232 2975 vocs·

122 2996 224 3056 bulum
245 2997 318 3056 illud
337 2997 450 3058 divisim
470 2999 675 3078 pronunciare,
696 2997 748 3060 οὐδ’
761 2998 804 3072 εἷς,
825 2997 922 3070 oil’i'r,
943 2997 1024 3077 quod
1036 2997 1083 3057 vel
1096 3008 1232 3081 propterte
1263 3026 1272 3071 «ς

121 3077 187 3136 fieri
206 3097 266 3139 non
285 3089 394 3157 potest,
415 3078 486 3158 qula·
508 3078 673 3158 significatu
696 3079 834 3139 differunt
857 3078 933 3148 siliis
954 3090 984 3139 et
1008 3077 1059 3141 οὐδ’
1081 3079 1124 3147 εἷς.
1163 3068 1232 3155 Qud

122 3170 222 3220 autem
235 3159 309 3234 dixi,
330 3159 360 3218 in
374 3159 429 3219 illis
443 3179 561 3241 quoque
580 3160 723 3241 exemplis
736 3179 876 3220 caesuram
890 3161 921 3219 in
937 3159 1035 3220 medio
1056 3172 1161 3242 quarto
1173 3152 1230 3241 pell

119 3259 196 3315 esse,
215 3240 247 3301 id
260 3241 291 3300 in
304 3242 397 3303 tribus
411 3261 513 3303 eorum
525 3254 660 3322 apertum
680 3253 741 3303 est:
762 3241 815 3303 sed
836 3241 866 3300 in
886 3252 991 3321 quarto
1011 3261 1130 3322 quoque
1151 3236 1230 3303 derb·
1270 3304 1272 3309 ,

121 3321 233 3402 guendi
245 3321 321 3385 ratio
335 3324 449 3398 Graecis
462 3324 569 3385 usitata
581 3324 749 3404 interpungi
763 3324 1008 3405 pronunciarique
1017 3324 1170 3404 postulas.

114 3484 119 3491 ·
185 3440 348 3525 emiargon·
360 3441 518 3516 ὦπολιιφθέι
528 3444 593 3524 wig,
614 3439 678 3505 dib
690 3443 805 3523 Seiugas.

122 3555 183 3619 Ubi
206 3575 276 3617 vero
296 3557 376 3618 nulla
389 3568 435 3618 est
455 3576 473 3616 a
487 3575 598 3617 casura
612 3557 772 3629 excusatio,
794 3575 864 3616 sane
877 3554 1036 3616 videndum
1050 3567 1108 3633 est,
1127 3575 1164 3617 ne
1176 3544 1226 3635 quil

120 3638 184 3698 vitii
195 3639 285 3700 lectio
300 3640 490 3701 contraxerit.
532 3643 599 3708 Quo
612 3657 653 3698 ex
666 3659 775 3718 genere
790 3639 833 3698 uti
847 3638 988 3717 quosdam
1007 3638 1091 3701 locos
1110 3637 1225 3719 preolm

117 3721 230 3781 sanavit
244 3722 403 3797 Porsonns,
424 3723 475 3797 ita,
489 3721 570 3802 quod
581 3721 661 3781 idem
671 3740 714 3782 ex
728 3720 860 3780 Pirithoo
875 3718 1023 3800 Euripidis
1036 3741 1067 3800 p.
1081 3726 1133 3786 39.
1144 3718 1218 3780 effeu

200 3839 247 3921 ἒμξῐ
258 3841 312 3920 pslg
323 3835 477 3924 lampsaci
490 3836 562 3922 κεδνῇ
573 3844 635 3923 agir
649 3839 752 3917 2375·ss
808 3835 811 3839 ’
946 3824 964 3853 ’1
1087 3834 1095 3853 “’
1149 3844 1164 3853 ”

118 3949 169 4010 vix
182 3951 249 4027 erit,
268 3952 382 4037 opinor,
404 3952 455 4034 qni
468 3964 528 4015 non
542 3953 682 4034 conjiciat
694 3953 737 4016 sic
750 3953 876 4043 potiusa
889 3954 979 4035 po'e‘ta
987 3953 1132 4037 scriptum
1142 3967 1208 4029 esst&
1258 3996 1272 4029 -,

199 4069 246 4149 isi
257 4075 311 4155 el<
322 4069 478 4154 imaro>
491 4075 552 4154 reis
565 4068 644 4133 ’δ’δ’
657 4070 742 4150 aas.

119 4182 269 4244 Ceterum
292 4205 331 4246 ex
354 4185 411 4260 bis,
432 4205 499 4267 quae
518 4187 580 4264 jam
604 4185 824 4267 disputavimus,
845 4199 979 4268 apertum
998 4199 1055 4262 est,
1077 4187 1165 4249 etiam
1181 4158 1228 4245 iil!
1257 4156 1263 4162 ⁴

120 4284 230 4337 versus,
251 4266 311 4345 qui,
336 4287 447 4330 caesnra
467 4266 497 4326 in
521 4267 619 4328 medio
641 4278 745 4347 quarto
769 4271 845 4350 pede
866 4271 956 4345 facta,
984 4273 1119 4350 quintum
1143 4266 1272 4353 pedm

121 4364 227 4429 purum
251 4347 379 4409 iambum
392 4349 519 4425 habent,
540 4368 600 4410 non
619 4349 662 4413 sic
674 4351 817 4430 legendos
830 4372 905 4426 esse,
926 4360 962 4437 ut]
972 4373 1039 4432 pars
1052 4372 1163 4429 versus,
1174 4369 1199 4430 ‚q

655 4531 673 4578 6
689 4524 693 4529 .
