2694 4866
131 279 190 349 na
422 366 425 371 φ
528 270 673 339 mun.
693 277 787 343 cnr.
808 277 877 342 xrs

209 467 356 513 0--0

229 560 336 595 ΜΛΝ

32 674 38 687 ·
128 664 195 727 quse
207 645 315 707 formas
329 640 533 724 complectitur
547 663 670 706 numero
683 644 850 707 duodecim.
882 650 1086 731 Quacumque
1099 665 1196 715 autem
1205 656 1251 717 alis

124 729 231 803 forma,
251 746 317 810 quse
328 726 386 787 bac
399 725 595 806 descriptione
609 744 669 787 non
682 727 721 789 sit
734 728 955 809 comprehensa,
979 731 1074 794 aliena
1084 735 1208 814 judicari
1219 738 1249 797 sb

71 814 74 822 '
126 810 250 871 numero
263 807 450 889 antispastico
464 808 562 870 debet.
827 810 846 835 ²

167 898 196 954 6.
218 893 321 952 Plures
343 890 494 969 antispasti
517 890 541 950 si
565 889 704 971 deinceps
727 903 888 971 ponuntur,
909 912 1049 958 numerus
1071 888 1248 961 oriturvaldt
1288 960 1289 969 ,

125 974 217 1036 durus
231 984 319 1055 atque
332 972 535 1044 inconcinnus,

202 1090 369 1161 ualidum,
391 1097 434 1147 Ka
450 1086 457 1169 l
474 1086 549 1170 ἅμ’,
570 1090 648 1171 single
665 1086 798 1170 [Ἄδωνις.
812 1093 840 1150 ri
853 1091 897 1174 las
911 1094 1005 1169 θεῖμεν.

125 1205 200 1273 Quae
214 1202 426 1265 inconcinnitas
440 1202 571 1285 nonalia
584 1202 614 1263 in
628 1204 769 1282 reposita
783 1215 838 1278 est,
859 1224 946 1285 quam
966 1207 997 1264 in
1017 1206 1081 1286 ipsa
1103 1208 1245 1271 iteratione

123 1287 199 1348 antis
220 1287 284 1347 asti.
326 1285 386 1350 Qui
410 1304 462 1365 pes
485 1302 576 1363 quum
599 1285 661 1365 ipse
684 1304 738 1364 per
759 1305 791 1345 se
812 1304 897 1368 asper
917 1299 973 1359 est,
994 1289 1063 1367 quia
1083 1310 1123 1351 ex
1143 1292 1243 1352 duobm

123 1307 260 1430 brevilns
274 1366 434 1440 ordinibus,
455 1365 548 1506 iispue
561 1365 668 1426 talibus
682 1376 806 1438 constat,
822 1368 870 1448 qui
885 1387 947 1428 non
961 1371 1157 1451 perpetuitate
1168 1375 1242 1433 unius

121 1450 237 1511 numeri
258 1450 436 1521 cohaereant,
456 1468 488 1508 se
530 1447 684 1527 compositi
704 1449 797 1528 magis
810 1468 898 1529 quam
912 1452 1063 1530 conjuncti
1077 1454 1145 1525 sint,
1164 1458 1242 1535 atqua

122 1530 198 1594 adeo
217 1549 294 1610 pene
307 1530 412 1591 luctari
426 1547 526 1591 secum
545 1529 713 1591 videantur:
733 1542 807 1602 tum,
828 1530 853 1590 si
866 1530 998 1602 iterator,
1019 1533 1100 1614 quod
1121 1534 1182 1597 fieri
1193 1544 1243 1595 nod

120 1623 218 1695 potest
231 1613 286 1672 nisi
299 1613 394 1673 thesin
407 1609 576 1692 excipiente
585 1610 730 1683 anacrusi,
750 1610 875 1691 ideoque
888 1611 1030 1693 impedito
1045 1626 1075 1674 et
1089 1615 1240 1697 interrupto

120 1693 235 1755 numeri
249 1713 346 1766 cursu,
367 1695 495 1754 maxime
508 1691 661 1775 displiceat
673 1712 792 1754 necesse
806 1707 861 1765 est,
882 1694 951 1773 quia
963 1695 1035 1754 nihil
1047 1695 1103 1757 nisi
1122 1696 1241 1773 brevissi·

120 1790 184 1837 mos
198 1775 324 1850 ordines,
344 1795 480 1837 mensura
492 1793 587 1857 pares,
608 1792 730 1836 numero
752 1776 912 1856 oppositos,
933 1776 1050 1837 incessu
1069 1777 1240 1841 insociabiles

19 1883 23 1893 =
120 1857 282 1919 audiendos
295 1859 424 1938 prabet:

95 1998 99 2007 ·
202 1955 588 2042 usslssclesslssu

119 2071 241 2135 Etenim
253 2093 293 2134 ex
306 2073 383 2134 thesi
395 2074 433 2134 ad
446 2072 610 2146 anacrusin,
631 2072 686 2133 etsi
699 2073 746 2132 ha
758 2082 863 2133 natura
875 2091 960 2152 pares
972 2083 1052 2146 sunt,
1073 2082 1172 2134 tamen
1191 2091 1240 2133 noo

116 2165 165 2218 est
176 2156 326 2218 transitus.
366 2154 443 2216 Nam
457 2175 495 2216 ne
507 2155 620 2236 syllaba
627 2173 740 2237 anceps
754 2153 954 2233 conjunctioni
968 2156 1075 2228 obstet,
1098 2175 1185 2235 quam
1201 2154 1241 2212 bic

117 2247 243 2319 utraque
262 2257 316 2318 per
335 2236 450 2298 numeri
469 2237 551 2317 leges
570 2237 707 2308 admittit,
729 2247 838 2307 manen,
858 2237 947 2296 etiam
968 2237 993 2296 si
1012 2238 1113 2297 ambas
1139 2252 1242 2316 semper

117 2337 207 2400 puras
219 2320 327 2382 servari
341 2322 436 2399 po‘e'tae
448 2319 618 2393 voluissent,
638 2318 779 2398 conjungi
792 2336 851 2376 nun
871 2329 1000 2398 possent,
1022 2319 1101 2398 quia,
1123 2318 1252 2385 simulat.
1286 2382 1289 2387 ¹

118 2418 178 2494 qne
187 2404 393 2542 pungerentur,
414 2419 552 2462 numerus
565 2400 712 2461 desineret
725 2396 928 2481 antispasticus
941 2419 1015 2474 esse,
1036 2404 1068 2462 et
1081 2400 1167 2462 tieret
1178 2400 1239 2460 cho·

119 2497 193 2542 nam
213 2501 288 2557 rcus,
509 2505 512 2511 ·
1117 2498 1122 2513 ¹
1182 2491 1187 2499 ’

494 2622 504 2646 ἱ

197 2659 557 2746 υζΙέ-υυ-..Ι-’.υ

151 2783 190 2861 ,6.
209 2778 291 2841 Hinc
304 2779 416 2840 factum
430 2790 484 2848 est,
507 2790 540 2838 ut
554 2778 664 2850 Graeci,
684 2779 709 2837 si
723 2774 842 2857 quando
855 2778 953 2858 plures
966 2776 1141 2857 antispastos
1151 2777 1240 2840 unoln
1274 2810 1277 2817 ·

117 2879 204 2931 versu
219 2861 373 2923 continuos
388 2870 574 2939 usurparunt,
588 2859 669 2939 quod
681 2859 816 2920 fecerunt
829 2859 984 2932 rarissime,
998 2860 1190 2921 solutionibus
1199 2877 1242 2921 eos

82 3000 86 3008 ,
117 2953 150 3003 et
162 2942 356 3021 productione
370 2943 545 3022 syllabarum
560 2941 720 3021 ancipitum
735 2941 881 3014 lenierint,
895 2942 1068 3021 plerumque
1080 2953 1178 3002 autern
1191 2958 1242 3001 noo

116 3024 174 3083 nisi
196 3043 287 3082 unum
306 3023 499 3103 antispastum
517 3023 677 3102 posuerint,
699 3043 826 3102 eumque
847 3042 916 3083 cum
937 3023 999 3082 aliis
1023 3021 1243 3084 consociaverint

115 3105 255 3183 numeris.
297 3104 352 3165 Est
365 3116 464 3164 autem
477 3122 513 3164 ea
527 3103 706 3164 consociatio
726 3103 891 3183 multiplex,
916 3123 970 3183 pro
989 3103 1130 3165 varietate
1151 3124 1241 3164 nume-

48 3184 51 3197 “
116 3204 228 3258 rorum,
250 3186 300 3265 qui
315 3185 490 3266 copulantur
503 3204 572 3245 cum
585 3185 754 3265 antispasto.
796 3186 885 3252 Quod
900 3197 995 3245 totum
1008 3205 1103 3264 genus
1117 3203 1242 3247 versuum

117 3267 174 3329 etsi
188 3269 227 3328 ad
241 3270 417 3348 compositos
431 3286 567 3327 numeros
581 3267 720 3347 pertinet,
740 3278 850 3339 tamen,
871 3267 938 3346 quia
952 3268 1014 3326 fere
1029 3266 1059 3326 in
1073 3267 1108 3327 iis
1118 3266 1240 3336 carmini,-

115 3349 171 3410 bus
192 3349 323 3430 locisque
347 3351 504 3421 invenitur,
525 3368 648 3428 quorum
669 3361 732 3410 tota
751 3347 863 3408 indoles
877 3347 1065 3428 antispastica
1079 3360 1134 3422 est,
1155 3348 1192 3408 de
1204 3347 1243 3407 bis

116 3451 233 3512 quoque
247 3432 296 3492 hic
309 3431 467 3491 dicendum
481 3443 627 3510 putamus.

154 3518 185 3578 7.
206 3516 255 3575 Ac
275 3514 412 3592 primum,
437 3513 516 3590 quod
539 3511 691 3591 adipsum
715 3511 1043 3591 antispastumattinet,
1065 3512 1095 3583 in
1109 3531 1145 3572 eo
1160 3529 1241 3591 quum

112 3596 194 3676 prior
207 3596 278 3656 arsis
292 3615 352 3655 non
366 3594 498 3666 solvitur,
518 3594 666 3654 anacrusis
679 3593 850 3673 plerumque
860 3595 957 3655 brevis
970 3603 1024 3664 est,
1047 3593 1115 3672 qula
1129 3593 1170 3652 sic
1183 3611 1242 3652 sua·

113 3679 177 3738 vior
198 3690 244 3738 est
263 3677 379 3738 numeri
401 3678 547 3737 incessunt
572 3676 624 3735 sed
647 3675 744 3735 soluta
766 3675 863 3754 priore
888 3675 944 3735 arsi
968 3673 1090 3754 perinde
1114 3675 1243 3745 habetur,

113 3759 209 3819 brevis
223 3778 261 3818 an
273 3760 363 3838 longa
376 3758 523 3819 anacrusis
536 3755 584 3830 sit,
605 3757 674 3837 quia
686 3756 716 3815 in
731 3760 840 3836 majore
853 3755 1005 3817 alacritate
1018 3757 1134 3815 numeri
1154 3756 1242 3816 minus

111 3839 236 3900 molesta
257 3854 302 3899 est
323 3841 412 3918 longa
434 3840 592 3899 anacrusis.
633 3839 682 3898 Ex
695 3838 807 3897 ansibus
820 3849 919 3898 autem
933 3837 1026 3897 multo
1038 3837 1145 3917 saepius
1158 3838 1242 3919 prior,
1286 3874 1289 3923 ξ

17 3946 22 3955 ·
112 3939 199 3999 quam
214 3920 358 4001 posterior
371 3920 505 3980 solvitur:
526 3939 562 3979 ac
575 3939 662 3980 nemo
675 3939 735 3978 non
755 3919 855 3990 sentit,
871 3919 978 3989 melius
998 3919 1028 3977 in
1052 3919 1137 3980 initio
1161 3938 1243 4000 quam
1287 3944 1289 3949 ·

49 4039 51 4043 <
111 4001 215 4062 influe
229 4000 329 4080 augeri
344 4000 524 4062 celeritatem
538 4001 661 4060 numeri.
703 4001 856 4060 Interdum
881 4014 1005 4080 utraque
1026 4000 1099 4061 ersis
1116 4001 1244 4074 solvitur.

110 4085 215 4165 Atque
229 4083 293 4141 haec
307 4083 424 4162 quidem
441 4097 471 4142 et
485 4083 514 4141 in
528 4083 591 4142 solo
604 4083 763 4161 antispasto
777 4095 806 4143 et
818 4083 848 4140 in
859 4082 996 4143 dochmio
1006 4081 1048 4142 ita
1057 4095 1137 4142 sunt.
1169 4082 1244 4143 Tbe-

111 4164 151 4225 sis
164 4175 263 4224 autem
277 4165 426 4244 antispasti
440 4165 611 4244 plerumque
625 4164 789 4240 longeest,
809 4165 988 4225 consistente
1009 4163 1049 4222 ibi
1071 4183 1195 4225 numero
1218 4173 1247 4224 et

111 4246 326 4325 requiescente.
369 4249 452 4327 Saepe
467 4259 565 4322 tamen
580 4245 667 4304 etlam
683 4246 778 4304 brevis
791 4258 900 4306 manet.
942 4246 1002 4306 Sed
1015 4245 1044 4303 in
1061 4245 1200 4306 dochmio
1213 4262 1247 4304 ca

110 4329 231 4408 syllaba,
254 4348 318 4407 quae
332 4330 489 4388 secundam
505 4327 581 4386 arsin
596 4345 648 4405 seq
658 4327 737 4398 titur,
758 4327 930 4408 plerumque
940 4328 1045 4403 brevis,
1067 4345 1135 4388 raro
1149 4341 1247 4390 autern

111 4410 269 4488 longeest.
310 4409 398 4475 Quod
413 4429 465 4469 cur
479 4411 540 4483 liat,
562 4408 637 4468 infra
651 4409 774 4471 dicetur.
