2694 4866
1000 51 1005 86 l

154 274 157 283 ’
241 252 323 316 LIB.
344 253 403 314 111.
425 252 522 317 CAP.
544 253 630 317 XIV.
653 251 717 315 ΠΕ
740 253 1020 318 sueorum..
1124 261 1185 319 483

52 421 169 493 deutur,
189 421 330 486 invenire.
369 423 458 491 Quod
478 425 503 484 si
520 424 570 485 hic
589 425 696 503 pesita
708 436 864 504 usurpatus
878 436 932 496 est,
953 424 1064 484 iactum
1078 421 1108 482 id
1122 443 1187 484 esse

52 501 228 562 crediderim
251 503 283 562 iu
303 505 534 584 epiphonematis
555 506 736 586 quibusdam,
758 519 791 566 ut
811 506 846 568 al
853 507 892 579 sl,
914 515 961 581 φιῢ
974 515 1034 580 eth:
1056 506 1108 565 sed
1120 507 1186 566 hec

53 582 104 642 ubi
118 583 149 641 in
162 583 231 663 ipsis
244 586 374 646 versibus
386 599 465 660 sunt,
485 589 621 648 usitatam
636 607 798 648 mensuram
811 588 920 648 habere
933 589 1041 657 solent,
1063 587 1114 646 ubi
1134 607 1187 646 au·

54 676 115 724 tem
139 664 203 745 ipsa
224 666 385 745 singulares
408 669 566 746 versiculos
587 670 779 741 constituunt,
800 671 986 730 temerarium
1006 669 1092 739 foret,
1114 669 1186 728 defi·

53 747 153 806 ciente
166 750 361 828 proportionis
375 750 497 824 indicio,
514 751 602 811 orthii
615 770 779 822 mensuram
799 751 956 812 adhibere:
977 747 1032 810 etsi
1052 770 1114 811 non
1142 752 1186 809 in·

55 828 195 902 credibile
209 840 266 902 est,
285 831 396 891 factum
410 832 441 891 id
454 852 673 912 nonnumquam
687 853 760 893 esse.

94 916 125 972 6.
147 911 290 971 Metricos
304 912 411 972 nullam
426 913 513 973 orthii
526 915 705 993 trochaeique
724 914 848 975 sementi
868 914 1046 974 mentionem
1069 914 1185 987 fecisse,
1285 927 1288 935 ’

55 1009 116 1049 non
130 1003 175 1051 est
189 992 305 1054 mirum.
346 995 423 1054 Nam
436 1015 526 1075 quum
539 996 644 1055 horum
658 996 791 1055 doctrina
805 1016 865 1055 non
879 996 917 1055 ad
931 1010 1049 1055 cantum
1071 1008 1101 1055 et
1122 1016 1187 1054 mu·

56 1071 134 1132 sices
147 1072 299 1153 rhythmos
312 1077 466 1154 pertineat,
487 1079 539 1137 sed
553 1079 583 1136 in
596 1076 659 1137 sola
671 1077 843 1138 recitatione
856 1097 1000 1147 versuum,
1017 1095 1082 1155 qure
1092 1077 1189 1155 simpli

54 1163 170 1212 tantum
184 1166 216 1215 et
229 1157 310 1235 dupli
323 1176 487 1218 mensuram
500 1160 599 1232 habet,
628 1170 778 1219 versetur:
800 1161 866 1218 duae
886 1159 949 1217 illm
965 1157 1094 1239 syllabae,
1115 1178 1189 1237 quas

33 1300 36 1304 ,
55 1235 169 1295 orthius
181 1247 213 1296 et
226 1240 371 1298 trochaeus
381 1252 529 1305 semantus
543 1241 705 1313 continent,
725 1241 813 1300 etiam
827 1242 852 1300 si
864 1241 998 1300 in'cantu
1019 1240 1189 1300 duodenum
1260 1264 1263 1270 ·

56 1326 222 1397 temporum
242 1331 349 1393 essent,
371 1333 468 1381 tamen
483 1323 512 1382 in
527 1322 626 1383 metris
639 1322 837 1383 describendis
851 1334 1058 1402 quaternorum
1073 1333 1187 1399 tempo.

54 1414 122 1456 rum
135 1403 279 1460 numerari
294 1401 450 1475 debebant,
472 1416 505 1463 ut
519 1424 595 1483 quae,
615 1405 640 1463 si
659 1406 748 1465 verba
760 1407 914 1484 poetarum
937 1416 1095 1484 spectares,
1116 1403 1189 1461 nihil

55 1479 111 1538 nisi
132 1499 317 1542 communem
329 1486 491 1564 spondeum
505 1488 681 1566 preberent.

98 1564 129 1625 7.
150 1565 180 1621 Α
202 1565 320 1624 musicis
340 1567 451 1626 orthios
465 1579 496 1626 et
515 1569 660 1628 trochaeos
679 1579 824 1627 sementes
845 1566 993 1629 interdum
1006 1567 1190 1628 consociatos

56 1641 158 1714 fuisse,
179 1663 218 1704 ex
233 1646 391 1708 Plutarcho
404 1648 442 1710 de
456 1649 567 1709 musice
580 1671 611 1730 p.
628 1655 716 1712 1140.
730 1649 880 1730 conjicies:
900 1655 946 1709 sel
960 1655 1000 1709 rh
1013 1649 1155 1727 μιξολὺδιοι
1164 1648 1191 1709 tt

54 1724 120 1786 edm
134 1725 190 1786 ἕλον
204 1734 412 1815 πςοσεξινςῖσθαι
425 1731 538 1805 hierus,
557 1738 604 1792 nei
617 1738 658 1793 rit
671 1739 713 1798 τῆς
724 1734 807 1813 ὅςθίου
820 1730 944 1810 μύλᾳῖἶᾱς
958 1733 1051 1812 vgo'w
1065 1738 1104 1790 vll
1118 1735 1190 1790 2⁶52

52 1807 110 1872 “hs
132 1809 227 1890 ὅςθίους
247 1817 309 1894 argis
329 1819 371 1874 vlt
384 1819 646 1894 αμαντὸντςιχιῒον.
686 1815 732 1873 lta
745 1812 950 1892 corrigendum
964 1812 1089 1884 videtur,
1111 1810 1191 1890 quod
1297 1864 1301 1869 .

54 1887 144 1966 wigo
158 1888 275 1970 legitur,
296 1901 359 1977 πςὶς
371 1901 412 1956 rh
425 1893 505 1977 'e'gSm
519 1901 641 1973 camuris
655 1900 784 1977 τςοχαῖον.

494 2218 744 2329 ΙοΑ1>.Χιν.

467 2428 523 2480 Du
559 2429 781 2481 STROPHIS.

104 2598 133 2655 l.
154 2591 318 2653 Drnuorn
333 2610 370 2652 eo
384 2603 428 2653 est
442 2591 600 2672 disputatio
610 2603 720 2666 nostra,
735 2605 769 2650 ut
778 2593 839 2669 jam
850 2591 888 2651 de
898 2590 1024 2669 strophis
1034 2588 1191 2655 dicendum

58 2673 106 2743 sit.
148 2674 185 2735 In
204 2693 263 2754 qua
282 2693 314 2733 re
328 2674 484 2733 maximam
499 2672 698 2733 difficultatem
713 2672 842 2733 definitio
857 2673 940 2732 nobis
955 2672 1066 2750 objicit,
1087 2691 1189 2751 quum,

56 2754 132 2837 qnid
143 2754 263 2836 stropha
276 2755 323 2830 sit,
344 2774 440 2835 neque
453 2754 628 2816 sveteribus
641 2755 710 2815 satis
724 2754 1071 2833 explicatum'videatur,·
1083 2756 1191 2831 n'eque,

55 2836 294 2977 ppinovissimus
307 2837 365 2897 hoc
378 2849 582 2916 argumentum
596 2837 713 2915 attigit,
727 2834 894 2896 Boeckhius
915 2835 998 2895 nobis
1023 2833 1191 2895 satisfaciat.

39 2934 42 2941 ’
94 2915 124 2977 ic
138 2917 256 2998 quidem
269 2918 320 2979 lib.
334 2919 361 2979 l.
375 2919 412 2978 de
427 2919 526 2978 metris
541 2919 659 2980 Pindari
673 2938 736 3000 cap.
755 2923 800 2979 13.
815 2929 845 2977 et
858 2918 909 2979 lib.
923 2917 981 2976 111.
997 2936 1060 2995 cap.
1076 2921 1105 2977 5.
1126 2935 1192 2975 seu·

60 3000 185 3061 tentiam
199 3018 281 3059 suam
294 3001 419 3080 aperuit.
462 3001 525 3061 Nos
539 3019 592 3061 cur
612 3021 674 3060 rem
699 3001 828 3060 nondum
852 3000 1024 3060 exhaustam
1045 2996 1193 3057 existime-

44 3100 137 3161 amm,
158 3100 197 3142 ex
210 3081 255 3154 iis,
276 3102 343 3162 quae
352 3083 449 3142 statim
463 3082 609 3155 dicentur,
630 3082 753 3161 intelligi
767 3081 884 3160 poterit.
925 3081 1002 3139 Nam
1017 3099 1106 3158 quum
1121 3098 1192 3137 con·
1275 3125 1280 3139 .

54 3166 171 3245 juncte
184 3163 242 3223 sint
256 3175 286 3222 et
300 3176 433 3242 cognatae
447 3164 581 3224 notiones
600 3183 709 3235 versus,
731 3163 906 3243 systematis,
927 3173 956 3221 et
977 3160 1116 3239 strophae,
1140 3159 1192 3218 ali-

59 3243 133 3324 qnid
145 3244 191 3305 hls
205 3245 339 3305 omnibus
360 3265 526 3318 commune,
550 3244 629 3305 aliud
651 3256 750 3304 autem
773 3243 900 3322 singulis·
913 3241 1063 3322 proprium
1083 3242 1121 3301 sit
1140 3261 1193 3301 ne·
1291 3242 1294 3247 “

59 3344 144 3387 cesse
163 3337 218 3387 est.
258 3326 424 3387 Laboratur
444 3340 544 3399 autem
563 3327 662 3387 stetim
682 3327 825 3386 inversus
839 3323 1018 3395 definitione,
1040 3341 1127 3401 quarn
1141 3342 1192 3400 ap-

59 3419 146 3487 paret
156 3407 284 3467 omnium
298 3410 420 3488 primam
435 3404 667 3469 constituendam
681 3427 756 3479 esse,
777 3407 846 3487 quia
858 3420 889 3465 et
902 3415 1060 3485 systemate
1075 3415 1105 3465 et
1118 3413 1194 3462 stro·

58 3486 127 3570 phte
140 3508 181 3549 ex
193 3508 329 3549 versuum
344 3491 468 3570 quadam
482 3492 689 3572 conjunctione
712 3488 796 3550 liunt.
836 3485 1055 3568 Hephaestionis
1075 3484 1196 3564 quidem

43 3568 196 3631 'definitio
216 3569 291 3632 adeo
314 3573 466 3632 arbitraria
489 3585 544 3644 est,
565 3584 598 3632 ut
620 3593 680 3632 non
704 3591 744 3633 ex
764 3572 807 3630 rei
828 3582 941 3641 natura,
963 3567 1016 3628 sed
1030 3560 1069 3626 ex'
1082 3569 1194 3645 maj0re

59 3663 146 3733 parte
158 3653 359 3734 exemplorum
373 3655 494 3734 petitam
507 3675 571 3714 esse
584 3665 732 3734 appareat.
763 3655 793 3713 Is
806 3674 836 3732 p.
849 3656 900 3714 65.
918 3649 1012 3734 (116)
1029 3649 1071 3708 ita
1080 3648 1195 3710 scribit:

59 3736 150 3814 στίχος
169 3737 222 3797 hrt
240 3743 314 3798 noctu
327 3737 431 3815 plenior
449 3738 552 3820 μέτςου,
571 3738 631 3821 ‘o'a’rg
644 3735 701 3799 οἴη
713 3735 818 3797 ’ἔλαττόν
832 3732 884 3795 ieri
897 3736 968 3817 τςιὸι
982 3734 1118 3810 συζυγῶν,
1139 3730 1196 3792 odes

57 3816 144 3896 ,ἄν
157 3819 289 3900 nordgau.
332 3819 397 3878 Nec
411 3818 513 3878 melius
526 3829 582 3888 est,
603 3817 683 3897 quod
695 3839 724 3897 p.
739 3822 789 3877 44.
807 3814 880 3898 (76)
897 3811 1051 3893 significat,
1076 3830 1195 3870 versum

59 3916 120 3959 non
133 3916 221 3978 posse
231 3898 308 3960 ultra
320 3900 440 3979 triginta
452 3911 585 3978 tempora
598 3899 765 3978 complecti.
807 3895 974 3959 Boeckhius
987 3913 1058 3954 vero
1076 3912 1193 3953 versum

58 3991 148 4041 vocat
171 3989 224 4040 aut
244 4000 335 4042 uuum
355 3981 486 4042 ordinem
499 3980 560 4040 sive
573 3981 748 4061 perfectum,
769 3980 830 4039 sive
844 3975 1058 4047 catalecticum,
1080 3975 1130 4053 qui
1143 3974 1194 4033 ab·-

10 4124 13 4129 ,
58 4061 174 4122 solutm
197 4061 236 4121 sit
258 4083 355 4144 neque
374 4063 437 4124 aliis
457 4083 620 4135 connexus,
640 4075 692 4123 sut
711 4063 809 4141 plures
829 4061 883 4120 sibi
897 4077 1058 4128 connexos,
1079 4057 1116 4115 ab
1131 4057 1194 4114 aliis

59 4153 161 4203 autem
174 4141 328 4206 distinctos
342 4145 468 4216 ordines,
483 4164 548 4222 quae
561 4145 709 4205 distinctio
724 4144 774 4203 fiat
787 4141 913 4214 silentio,
928 4141 948 4202 i.
961 4160 988 4199 e.
996 4157 1095 4220 pausa.
1118 4138 1195 4197 Haec

46 4223 196 4286 definitio
209 4245 263 4305 per
276 4247 308 4287 se
321 4227 383 4308 ipsa
397 4225 570 4306 reprehendi
583 4246 643 4300 nou
656 4237 767 4305 potesta
782 4242 956 4304 quamquam
967 4234 1110 4300 repugnat
1120 4220 1195 4279 usui.

60 4306 280 4388 complectitur
299 4310 377 4369 enim
398 4311 485 4370 etiam
509 4319 678 4387 systemata,
699 4318 732 4368 ut
752 4311 813 4388 jam
836 4317 964 4385 systema
985 4303 1056 4362 nihil
1079 4301 1118 4360 sit
1139 4300 1194 4358 nisi

600 4423 656 4483 31
