2694 4866
327 235 713 300 manutentum
733 236 979 300 ORDINIBUS.
1201 238 1220 303 7

132 415 160 472 9.
179 406 257 469 Illud
271 417 395 487 tempus,
410 408 440 467 in
462 428 520 487 quo
541 408 617 468 ictus
637 419 692 480 est,
716 408 754 468 R.
776 407 925 469 Bentleius
950 423 1062 477 sustu,
1082 416 1214 485 tempora

55 501 187 550 autem
200 508 253 562 ea,
275 509 341 569 quae
360 501 463 550 carent
484 491 556 564 ictu,
576 509 698 549 rursm
719 489 845 563 vocavit,
867 491 989 548 ducibus
1010 487 1160 546 Prisciano
1184 507 1214 565 p.

71 576 100 631 l
112 577 180 633 289.
194 586 224 631 et
238 571 387 631 Martiano
403 571 523 651 Capella
536 592 565 650 p.
588 577 656 633 191.
670 572 716 631 ed.
732 572 872 635 Meibom.
887 573 936 650 qui
957 573 993 628 ab
1007 568 1170 628 elevatione
1184 580 1214 629 et

65 653 257 727 remissione
265 654 350 713 ¹vocis
362 653 426 714 haec
440 655 558 715 nomina
568 654 658 713 ducta
668 655 779 714 dicunt.
816 646 928 713 'Ceteri
941 651 1044 711 musici
1058 663 1088 710 et
1101 651 1216 712 metrici

67 745 214 811 veteres,
237 754 257 797 a
275 734 458 815 depositione
470 747 560 814 atque
581 736 742 795 elevatione
762 735 845 814 pedis
858 735 904 794 vel
924 753 1026 794 manus
1051 753 1086 792 ea
1098 734 1217 793 nomina

56 815 265 891 derivantes,
280 828 396 896 tempus
409 818 471 878 ictu
491 828 625 877 notatum
645 818 751 890 thesin,
766 817 938 878 destitutum
952 817 1013 874 ictu
1027 815 1104 875 arsin
1118 816 1217 877 vocari

67 898 357 979 volueruntquam
371 900 513 959 rationem
528 900 576 959 ille
596 901 658 979 ipse
680 901 844 960 Martianus
866 899 986 979 Capella
999 899 1139 976 sequitur,
1154 897 1214 976 qui,

69 980 249 1041 uariatum
264 992 319 1052 est,
333 980 502 1042 definitione
517 981 565 1041 illa
575 1000 628 1041 sua
638 983 814 1041 contrarium
826 981 907 1040 dicit.
929 981 989 1040 Sed
1000 978 1117 1038 omnino
1128 979 1216 1037 alium

68 1059 152 1121 istm
160 1062 370 1143 appellationes
379 1083 464 1123 usum
474 1064 554 1142 apud
563 1064 688 1123 musicos
699 1077 730 1124 et
741 1063 919 1143 rhythmicos
929 1063 1063 1121 videntur
1072 1061 1217 1133 habuisse,

68 1148 181 1221 quam
202 1146 253 1224 qui
278 1164 344 1204 cum
369 1146 503 1205 doctrina
526 1165 715 1205 numerorum
738 1165 756 1204 a
775 1145 892 1205 musicis
912 1144 1072 1204 rationibus
1085 1147 1218 1223 sejuncta

10 1254 14 1267 ν
79 1225 241 1286 conciliari
256 1228 360 1309 possit.
402 1229 493 1288 Certe
512 1228 554 1286 illi
575 1228 689 1308 saepius,
711 1229 787 1309 pede
801 1246 917 1306 qpoque
931 1227 960 1284 in
975 1227 1048 1285 duas
1063 1237 1159 1303 partes
1173 1224 1216 1281 di·

10 1364 13 1372 .
80 1305 159 1376 Visa,
173 1320 264 1368 totam
272 1321 388 1391 partem
403 1328 479 1383 earn,
493 1310 522 1368 in
538 1328 596 1389 qua
609 1310 685 1368 ictus
699 1322 753 1380 est,
768 1310 862 1368 thesin
877 1309 1039 1380 nominant,
1053 1307 1167 1365 etiamsi
1181 1324 1217 1366 ea

83 1403 160 1462 pass
172 1401 287 1471 tempus
300 1391 419 1471 aliquod
433 1393 645 1472 complectatur
659 1392 830 1451 destitutum
852 1391 923 1449 ictu.
965 1389 1162 1468 Similiterque
1175 1388 1219 1447 la·

10 1496 30 1540 5
93 1468 217 1531 ciuntur
230 1472 297 1532 arsi.
337 1478 437 1541 Quare
450 1475 603 1535 maluimus
614 1493 701 1532 usum
715 1493 733 1533 a
749 1473 882 1532 Bentleio
896 1474 1050 1551 probatum
1064 1490 1189 1530 servare.

10 1576 37 1620 rt
139 1557 184 1615 to.
196 1554 300 1614 Potest
314 1567 412 1616 autem
427 1555 513 1629 ictus,
529 1575 588 1635 quo
608 1555 665 1614 vim
680 1555 797 1614 aliunde
811 1554 1012 1627 accedentem,
1027 1553 1152 1632 ideoque
1166 1552 1217 1611 ab·
1261 1620 1266 1635 .

10 1660 35 1702 m
101 1632 215 1772 tulptam
228 1635 350 1696 indicari
364 1637 543 1697 ostendimus
563 1639 601 1697 ad
620 1637 724 1696 seriem
738 1650 902 1717 temporum
913 1639 974 1713 jam
988 1635 1155 1694 inchoatam
1169 1653 1218 1693 ac·

110 1727 136 1770 cc
154 1734 209 1789 ere,
222 1727 255 1776 ut

44 1869 63 1885 α
167 1831 265 1898 adu·

10 1959 39 2016 *d
113 1964 181 2031 uum
193 1989 285 2051 quum
295 1972 341 2041 fit,
357 1984 490 2051 apertum
506 1986 561 2047 est,
582 1994 648 2053 quae
664 1975 735 2034 inde
749 1975 786 2032 ab
797 1975 858 2034 ictu
878 1984 946 2033 sunt
967 1983 1108 2050 tempora,
1128 1971 1158 2030 vi
1170 1989 1216 2045 ea,

10 2055 45 2091 Ὠ
114 2052 178 2129 cnjus
188 2052 329 2113 indicium
343 2066 387 2114 est
396 2055 482 2130 ictus,
495 2057 696 2126 determinari;
716 2068 886 2134 quaeautem
897 2065 965 2114 ante
976 2053 1066 2112 ictum
1082 2065 1126 2112 est
1141 2073 1217 2132 pars,

10 2118 58 2173 ¹²¹¹
116 2133 231 2205 tutulum
244 2135 283 2195 ab
292 2135 359 2194 ictu
371 2155 431 2194 non
444 2149 542 2216 potest
550 2138 748 2197 determinata
761 2157 835 2208 esse,
843 2148 956 2216 partem
970 2154 1033 2193 esse
1047 2134 1151 2193 infiniti
1165 2153 1217 2193 cu·

11 2216 24 2226 ’
113 2214 217 2291 alapiam
230 2216 355 2276 numeri.
396 2217 470 2277 Eam
484 2230 608 2298 partem,
624 2219 796 2297 quianeque
806 2222 876 2278 arsis
884 2229 937 2285 est,
950 2226 982 2274 ut
996 2216 1057 2274 ictu
1066 2215 1216 2287 destituta,

114 2296 423 2373 aquasmaquam
436 2319 520 2363 exea
531 2301 670 2381 vi,quam
680 2300 794 2361 indicat
806 2299 893 2371 ictus,
907 2298 1048 2377 pendens,
1062 2296 1216 2355 anacrusin

113 2385 241 2451 luamus,
254 2390 410 2459 propterea
418 2381 504 2461 quod
518 2382 598 2461 quasi
609 2381 787 2442 introductio
795 2382 927 2461 quaedam
942 2391 987 2438 est
1000 2379 1216 2452 adnumerum,

113 2467 182 2529 tuem
199 2459 307 2521 deiude
330 2461 406 2520 ictus
429 2462 554 2525 orditur.
594 2465 755 2524 Anacrusis
776 2475 874 2522 autem
903 2462 956 2522 etsi
979 2460 1218 2522 animadvertitur

90 2604 93 2609 .
114 2534 197 2613 Prima,
208 2552 318 2615 umen,
334 2557 366 2605 ιιι
379 2543 432 2613 ,vel
451 2564 552 2605 sensus
575 2565 721 2626 quemque
741 2545 840 2618 docet,
857 2564 920 2604 non
934 2553 979 2603 est
993 2543 1106 2602 initium
1120 2540 1216 2614 seriei,

115 2618 236 2699 Μριιι,
260 2642 348 2704 quam
371 2645 437 2705 quae
456 2646 616 2706 praegressa
635 2638 713 2699 sunt,
735 2626 804 2706 quia
821 2627 850 2684 in
864 2624 1142 2686 animaduersionem
1155 2642 1216 2682 non

77 2770 79 2779 Ι
116 2699 215 2778 ndum,
228 2707 410 2785 precessisse
430 2720 593 2770 sumuntur.
614 2709 728 2770 Similes
738 2709 772 2767 in
785 2709 885 2788 figuris
898 2718 966 2766 sunt
980 2725 1033 2779 eae,
1044 2725 1112 2784 quae
1125 2723 1215 2784 quum

33 2859 40 2868 ι
115 2782 223 2845 uadum
234 2786 373 2862 habeant,
387 2788 417 2851 in
438 2790 589 2870 utriusque
609 2791 707 2851 lateris
729 2802 863 2850 extremo
886 2790 946 2848 'non
959 2799 1027 2847 sunt
1040 2786 1146 2846 finibus
1158 2785 1215 2846 cir·

10 2907 11 2910 =
40 2940 47 2950 ι
117 2869 293 2952 mcfiptaez
314 2889 436 2949 quarum
450 2873 608 2953 descriptio
621 2872 676 2933 etsi
689 2893 707 2932 a
720 2874 817 2932 medio
831 2871 985 2949 utrobique
999 2887 1083 2948 aequa
1095 2885 1217 2947 propor-

116 2947 178 3030 lltme
186 2951 379 3030 progreditur,
393 2965 492 3014 tamen
505 2956 642 3035 quoniam
657 2954 773 3028 desinit,
793 2953 960 3035 priusquam
969 2951 1112 3013 conclusa
1124 2950 1171 3023 sit,
1183 2940 1217 3010 ,ia

10 3040 15 3077 ἱ
116 3024 236 3093 utrium
248 3032 489 3118 profemipotest.

541 3187 663 3264 CAP.
692 3188 767 3264 111.

502 3347 553 3397 DE
585 3347 805 3398 ORDINIBUS·

22 3529 30 3540 ⁹
147 3452 168 3509 l·
181 3451 345 3516 Nunsustus
364 3467 415 3516 aut
424 3455 558 3517 infinitus
572 3469 627 3530 est,
641 3458 756 3537 qualern
776 3473 863 3536 supra
877 3454 1003 3515 diximus
1014 3451 1145 3513 omniunt
1158 3447 1216 3528 pri·

10 3546 15 3585 ἰ
114 3540 177 3591 mum
198 3537 384 3617 maximeque
407 3537 568 3618 simplicem
587 3559 743 3600 >numerum
767 3557 840 3608 esse,
863 3536 894 3594 in
914 3557 973 3615 quo
987 3533 1121 3613 quoniam
1141 3531 1218 3589 ictus

10 3629 24 3703 ζ
79 3612 81 3621 ’
113 3615 274 3695 conspicitur
286 3619 395 3691 nullus,
405 3638 469 3680 ,non
482 3619 571 3680 habet
585 3620 634 3680 ille
647 3621 775 3681 initium:
796 3617 889 3698 qualis
901 3634 1039 3676 numerus
1052 3615 1081 3673 in
1096 3612 1216 3680 artibus,

112 3699 301 3832 aerumans
313 3711 446 3773 utuntur,
457 3703 574 3761 nullam
586 3702 676 3762 habet
695 3721 790 3771 usum,
810 3699 878 3778 quia
890 3697 1029 3758 varietate
1049 3707 1147 3766 caret,
1167 3701 1219 3753 aut

152 3785 195 3837 tus
220 3791 274 3854 est,
296 3781 390 3861 qualis
414 3793 469 3856 est,
492 3785 542 3863 qui
562 3784 664 3856 ictum,
683 3802 782 3860 eoque
802 3792 833 3842 et
847 3779 961 3840 initium
975 3791 1005 3839 et
1018 3778 1106 3839 finem
1119 3776 1217 3836 habet.

114 3848 274 3935 Hujusmodi
288 3882 442 3923 numerum
457 3883 610 3924 oanrnuns
625 3883 770 3924 vocamus.

142 3941 167 3999 2·
177 3944 301 4008 Qualem
314 3956 414 4005 autem
427 3946 559 4007 ordinem
572 3946 716 4027 producat
739 3945 782 4004 vis
801 3962 846 4016 ea,
861 3946 945 4023 cujus
955 3939 1097 4002 indicium
1111 3952 1156 4001 est
1175 3942 1217 4000 ic·

109 4022 155 4110 ¹¹3⁸,
168 4043 268 4101 quum,
283 4036 317 4085 ut
329 4045 418 4105 supra
431 4028 542 4088 dictum
556 4040 610 4102 est,
625 4027 782 4107 nonpossit
794 4026 850 4085 nisi
863 4046 902 4087 ex
916 4025 1033 4096 effectu,
1047 4023 1066 4084 i.
1080 4045 1107 4084 e.
1118 4043 1156 4082 ex
1169 4042 1216 4083 or·

110 4093 163 4161 diue
176 4105 238 4184 ipso
249 4104 407 4186 cognosci:
426 4108 584 4171 videndum
597 4120 654 4183 est,
667 4121 740 4190 quot
752 4110 871 4168 omnino
884 4106 1007 4185 cogitari
1025 4106 1127 4166 formae
1140 4105 1217 4164 ordi-

106 4194 165 4243 num
187 4189 309 4265 possint.
352 4191 427 4251 Sunt
450 4202 548 4251 autem
570 4192 686 4252 ordines
706 4202 757 4251 aut
778 4209 955 4261 mnesteus,
980 4189 1029 4268 qui
1053 4207 1142 4248 unum
1164 4187 1215 4246 ha-

101 4257 166 4423 affl,
176 4266 279 4411 icttum.
321 4271 363 4332 Hi
377 4272 472 4334 autin
497 4293 533 4334 eo
557 4274 620 4354 ipso
641 4273 834 4355 temporalo
855 4292 913 4354 quo
935 4281 980 4332 est
1000 4271 1087 4347 ictus,
1107 4267 1216 4330 comis·

179 4370 201 4409 u

180 4466 188 4491 Ι

171 4501 207 4543 Ua
