2694 4866
122 330 186 392 154'
504 328 586 391 LIB.
605 327 646 387 ll.
669 326 762 387 cnP.
784 325 868 387 XXI.

119 516 222 557 vocem
236 495 354 577 patitur,
379 508 476 556 tamen
497 496 545 557 vix
570 494 709 556 credibile
734 506 788 570 est,
809 494 963 574 probatum
976 495 1067 557 fuisse
1079 495 1145 576 huju

120 597 246 651 versum,
322 650 326 657 ,
360 654 363 659 ¹
436 600 438 605 ·

199 694 272 753 π’λυ
285 664 428 769 ualds'ipu.

109 856 113 865 .
159 811 188 866 ts
202 807 425 873 In.universum
446 806 475 865 in
497 804 706 884 compositione
730 803 930 864 dochmiorum
950 803 1015 863 haec
1035 814 1135 865 notatu

118 897 194 949 sunt.
239 889 304 953 Etsi
324 888 355 947 in
376 888 551 951 carminibus
576 886 792 966 antistropbicis
811 886 983 967 plerumque
1003 898 1138 947 accurate

135 978 242 1028 uantur
254 986 407 1040 mensure,
423 980 522 1028 tamen
536 969 584 1027 bic
598 968 668 1039 illic,
691 968 778 1027 etiam
792 968 870 1045 apud
884 967 978 1047 ipsum
992 967 1145 1053 AEschylur

137 1049 144 1065 ‘
158 1050 281 1130 ‘gentior
292 1051 406 1111 caeteris
419 1060 475 1122 est,
489 1051 544 1109 alia
557 1050 650 1110 forma
664 1049 712 1108 alii
726 1048 891 1129 opponitur.
932 1050 1007 1109 Sunt
1021 1061 1145 1111 autemc

116 1132 250 1210 quaednm
269 1133 388 1191 istarum
408 1132 656 1210 formarumque
676 1132 754 1211 quod
775 1131 859 1191 nimis
880 1130 1020 1190 diversam
1042 1130 1145 1193 indolet

114 1213 197 1285 bent,
206 1208 378 1293 plerumque
392 1213 461 1294 ipsoe
475 1223 588 1273 tautum
602 1213 656 1272 sibi
671 1214 855 1294 respondent.
897 1213 1012 1275 Harum
1026 1213 1145 1273 claasiun

116 1305 233 1368 maest,
275 1314 320 1354 uoe
333 1293 485 1355 minimum
497 1313 516 1355 e
528 1294 673 1375 primitiva
686 1294 778 1355 forma
792 1294 914 1368 recedit,
936 1304 968 1356 et
980 1295 1042 1355 fere
1062 1295 1114 1355 has
1127 1305 1145 1355 tr

116 1374 225 1435 formas
238 1315 383 1455 admittite

195 1538 221 1571 υ
243 1505 253 1531 Ι
295 1466 305 1531 Ι
328 1540 352 1572 υ
375 1506 384 1532 Ι

195 1620 407 1687 υόυζυέ.

116 1751 227 1813 Earum
239 1755 271 1813 in
285 1755 391 1836 priore,
412 1775 478 1835 quae
491 1774 569 1817 arses
583 1774 642 1815 non
655 1754 763 1815 solutas
777 1755 876 1827 babet,
897 1775 962 1814 rara
982 1765 1027 1814 est
1047 1755 1130 1816 initio

114 1837 272 1909 anacrusis,
293 1837 345 1898 sed
359 1838 454 1898 soluta
467 1837 560 1918 prima
573 1837 640 1909 arsi,
661 1858 719 1916 quo
733 1838 813 1897 facto
834 1837 952 1896 offensio
972 1838 1064 1910 abest,
1085 1857 1145 1918 saep

115 1918 263 1977 auectusis
275 1919 457 1999 producitur.
499 1919 655 2000 AEschylus
668 1920 698 1976 in
714 1921 794 1998 Sept.
808 1919 846 1979 ad
860 1919 954 1979 Theb.
968 1922 1018 1981 81.

192 2037 292 2119 aeiSrglae
304 2036 366 2104 clarc
378 2062 411 2115 με
424 2037 503 2098 πείθει
516 2035 613 2109 oanis-⁹

194 2116 300 2186 o’r'ruadoc
312 2123 393 2192 σιφὸς
406 2117 495 2197 leopos
509 2117 632 2192 ἕγγιλος.

114 2229 267 2291 Alterutra
280 2231 318 2292 de
332 2218 444 2292 dudbus
459 2231 604 2312 contiguis
618 2228 728 2289 artibus
741 2230 828 2308 longa
842 2239 988 2299 manente,
1009 2228 1146 2308 frequent

113 2311 204 2391 prior,
223 2313 315 2372 multo
328 2313 446 2392 parcius
461 2314 551 2374 altera
565 2312 695 2372 solvitur.
716 2311 848 2392 Euripid.
862 2310 913 2369 Or.
932 2314 998 2373 159.

143 2466 146 2471 ·
195 2425 273 2488 imao
283 2431 452 2501 γλυκυτάτω
462 2429 580 2512 φιςομίιᾳ
593 2429 678 2510 καίειν.

114 2536 268 2598 Difficilior
282 2540 358 2600 enim
373 2541 501 2602 incessus
514 2542 628 2601 numeri
642 2553 696 2614 est,
718 2551 878 2614 crescente,
899 2559 986 2619 quam
1001 2540 1145 2601 remittent

114 2619 226 2681 oritate.
269 2624 367 2688 Quare
389 2624 483 2682 minus
505 2622 652 2702 displicuit
676 2623 825 2704 utriusque
847 2641 944 2684 arseos
966 2621 1085 2696 solutio,
1106 2634 1139 2681 ut

113 2701 286 2784 AEechylum
300 2705 330 2763 in
344 2704 448 2765 eodem
461 2705 512 2763 illo
531 2704 674 2764 carmine:

193 2828 230 2904 p'ti
242 2823 320 2890 roal.
334 2821 372 2883 ‘lla
385 2824 445 2889 mdc
458 2820 596 2905 ηᾶὃςομος
610 2821 731 2888 indm.

154 2939 184 2994 5.
207 2934 343 2994 Secunda
367 2935 464 2994 classis
488 2945 543 3007 est,
564 2935 683 3014 quaein
703 2936 761 2993 fine
782 2953 835 3013 pro
856 2933 951 2992 iambo
965 2932 1145 3012 spondeuml

115 3012 162 3072 Ea
174 3015 355 3094 frequentior
368 3028 413 3075 est
426 3015 456 3083 in
469 3016 541 3075 locis
561 3035 620 3075 uon
640 3014 864 3094 antistrophicis.
904 3015 1050 3094 Exempla
1072 3016 1144 3074 form

53 3116 56 3120 ⁸
113 3114 179 3243 {5¹le
192 3096 293 3239 igdhlrc
307 3094 398 3159 classe
411 3095 607 3158 usitatissimae
626 3109 703 3168 sunt,
723 3098 813 3163 habet
834 3096 987 3176 Euripides
1011 3097 1042 3154 in
1066 3097 1145 3157 Hecu

175 3218 184 3239 .
236 3221 245 3236 .
285 3197 341 3239 ors.
699 3196 703 3203 ·

91 3293 96 3301 ’
170 3299 173 3303 ’
194 3292 216 3356 ol
228 3295 317 3369 dnus,
338 3295 417 3357 π’κνον
427 3298 551 3365 ταλαίνας
562 3297 669 3381 purple,

192 3380 240 3439 clu
250 3377 319 3460 μὸςᾳ
331 3381 455 3449 salma,
478 3381 524 3455 siu
534 3381 625 3460 τέτμῃ
640 3384 734 3448 asinam

193 3465 255 3541 argis
268 3463 331 3527 τίνος
345 3461 492 3543 deberimus,-

112 3592 189 3656 saepe
202 3573 260 3633 hoc
273 3567 368 3669 genus
380 3574 535 3641 adhibetur
547 3573 677 3653 finiendo
690 3572 851 3653 systemati.
882 3571 922 3630 Et
936 3571 992 3633 hac
1006 3568 1145 3651 quidemr

194 3724 441 3755 —w——a-

112 3804 251 3864 sollemne
272 3816 317 3864 est
330 3806 495 3884 praegressis
509 3805 643 3886 dactylis,
657 3805 694 3865 de
709 3824 767 3884 qua
787 3824 818 3863 re
832 3803 907 3862 infra
927 3802 1053 3865 dicetur.
1093 3802 1145 3862 Caet

111 3884 162 3943 vix
176 3905 249 3967 opus
263 3886 389 3957 videtur,
403 3899 436 3944 ut
459 3908 637 3961 moneamus,
659 3889 852 3967 improbatum
872 3885 960 3943 fuisse
974 3904 1098 3954 versum,
1119 3901 1145 3960 qr

111 3963 143 4022 in
156 3963 248 4025 iorma
261 3986 333 4026 voce
347 3968 545 4046 monosyllaba
558 3968 699 4028 finiretur.
740 3969 817 4027 Nam
832 3966 895 4047 quis
909 3986 969 4025 nou
982 3965 1097 4036 sentiat,
1112 3982 1145 4043 qu

113 4046 192 4106 rudis
205 4057 237 4107 et
248 4048 441 4108 inconcinnus
455 4069 592 4108 numerus
606 4051 653 4123 sit,
668 4050 771 4125 veluti,
1029 4048 1033 4052 ’

193 4165 222 4222 tal
235 4167 350 4244 τλάμων,
364 4175 421 4240 φῶ.

151 4282 181 4339 6.
203 4279 302 4339 Tertia
322 4281 449 4361 denique
463 4280 560 4341 classis
581 4282 712 4341 continet
736 4282 843 4340 formas
865 4280 995 4339 ultimam
1016 4279 1090 4338 arsin
1109 4271 1146 4333 sol

112 4359 264 4434 babentes,
277 4363 357 4440 quod
365 4383 465 4442 ¹genus
483 4363 654 4444 plerumque
666 4384 705 4493 οἷ
720 4364 789 4425 solit
802 4360 937 4425 brevibus
951 4360 1069 4440 syllabis
1082 4373 1144 4418 com
