2694 4866
369 277 429 341 on
452 253 885 355 vsasrnuscnsrrcrs.
1121 286 1193 355 nso

89 498 97 512 .
115 455 171 514 10.
183 448 271 530 vulgo
280 447 310 511 ri
322 467 370 509 nos
389 451 494 510 eximat
506 450 633 512 moralia
672 451 801 523 Heinius,
825 447 913 511 si-illc
924 467 981 517 nos.
1022 448 1082 535 Sed
1102 470 1192 532 quum

89 532 183 591 itiam
197 531 332 591 carminis
343 530 582 610 antistrophicum
596 551 660 607 esse
670 528 829 611 uideatnrp
837 529 979 611 ejicienda
992 531 1092 611 putavi
1104 536 1193 596 verba

89 611 312 691 terpretationis
325 611 452 692 speciem
465 612 611 675 habentia·
653 604 691 674 V.
707 618 754 677 12.
768 604 866 674 addidi
879 612 936 675 illa.
978 615 1043 673 Aut
1051 613 1119 685 hnc,
1141 626 1193 675 aut

107 692 278 754 addendum
302 693 429 755 videtur:
449 694 501 753 sed
515 702 578 755 tum
590 696 783 776 instrophico
796 714 881 755 versu
894 715 944 755 aar
958 693 1115 755 delendum
1128 696 1193 757 erit.

89 778 100 834 .
114 781 165 835 14.
179 775 268 854 vulgo
280 774 376 856 agitio.
398 775 434 833 V.
451 781 498 839 19.
511 777 650 836 librorum
663 776 819 837 lectionem
832 772 1066 855 snpraiodicaii.
1085 779 1194 838 Locum

89 857 200 938 aquandi
209 877 270 928 nor,
285 858 338 917 etsi
349 876 407 917 non
417 856 773 938 habeoaliudexemplum
783 858 814 916 in
827 868 974 938 promptu,
989 857 1092 918 eadem
1101 858 1193 919 licen·

89 957 102 996 a
116 936 176 996 dici
190 949 273 1017 puto,
293 957 351 1016 qua
364 939 462 998 Graeci
476 938 578 999 dicunt
592 941 687 1001 aurio
701 943 777 1018 ἦμῖις,
798 951 829 1000 et
843 938 955 999 similia.
995 939 1032 996 V.
1046 938 1095 1001 22.
1117 940 1193 1014 libri,

89 1017 141 1081 lite
150 1018 187 1078 ab
200 1018 272 1085 aaa.
299 1019 338 1079 V.
352 1023 401 1079 31.
422 1018 499 1079 Hace
512 1020 649 1080 facillima
659 1020 810 1081 videbatur
824 1019 967 1081 correctio
981 1038 1044 1079 esse
1056 1020 1191 1099 vulgata,

89 1100 147 1180 >pia
171 1110 222 1171 cst,
243 1120 277 1159 ea
287 1100 404 1179 sarcitis.
450 1100 527 1160 Nam
553 1122 586 1162 ea
611 1102 776 1181 interpretis
800 1101 924 1162 videtur.
975 1100 1072 1182 Copia
1095 1113 1194 1163 autem

89 1192 186 1260 ropter
199 1183 531 1261 notumcompendlum,
552 1198 610 1262 quo
624 1184 766 1245 adscribi
789 1184 874 1256 solet,
888 1181 981 1244 'facile
1001 1182 1032 1241 io
1050 1184 1131 1264 copia
1151 1193 1193 1248 ert

89 1262 147 1321 bire
160 1262 265 1340 potuit.
307 1264 344 1322 V.
358 1265 509 1343 8L'vulgo
523 1282 631 1324 seruam
645 1284 704 1324 esse
716 1264 858 1326 assimulo.
899 1262 938 1326 V.
951 1268 1001 1325 31.
1014 1262 1102 1342 vulgo
1111 1274 1194 1328 cauto
1252 1340 1255 1345 ⁴

89 1351 199 1422 copus.
240 1343 378 1404 Sedoud.
392 1344 472 1426 Lips.
485 1355 567 1406 canto
580 1366 649 1427 opus
662 1354 713 1406 est.
754 1347 792 1407 V.
806 1350 855 1406 33.
876 1345 1017 1405 iambicus
1029 1354 1091 1416 cst,
1114 1355 1193 1407 tran-

89 1434 154 1482 tnm
167 1424 276 1483 faciens
290 1424 327 1484 ad
341 1427 529 1505 Bacclriacos,
551 1439 585 1486 ut
598 1426 680 1498 alios,
695 1446 723 1486 v.
736 1431 786 1487 38.
800 1425 1041 1487 aBacchiacisad
1052 1427 1195 1488 Creticos.

89 1504 103 1563 '.
118 1510 167 1565 33.
182 1506 269 1583 vulgo
283 1515 412 1566 accurate
425 1507 477 1567 hoc
496 1517 610 1588 agatur.
651 1509 689 1567 V.
713 1510 763 1572 37.
786 1507 885 1567 addidi
906 1517 971 1568 mes
997 1509 1035 1566 V.
1058 1512 1107 1568 88.
1129 1508 1196 1568 libri
1246 1519 1252 1525 ”

89 1585 139 1645 n're
151 1596 295 1647 memento.
340 1587 487 1667 Sequutus
501 1608 576 1661 sum,
597 1587 675 1668 q'uod
688 1586 800 1649 Pareus
813 1609 851 1648 ex
872 1588 920 1650 ed.
942 1601 999 1649 vet.
1024 1588 1114 1650 dedit.
1156 1591 1194 1648 V.

89 1671 116 1727 9.
126 1667 192 1726 libri
205 1687 308 1727 morem
321 1667 395 1739 inne
404 1669 528 1730 dominer
542 1670 655 1743 babent,
670 1682 701 1730 et
713 1690 794 1740 mox,
809 1672 874 1730 dam
888 1671 922 1730 id
933 1671 1094 1752 impetrant.
1116 1672 1193 1734 Cod.

89 1747 146 1826 ips.
160 1748 269 1808 omittit
282 1750 322 1809 id.
343 1801 345 1805 ,
363 1748 401 1810 V.
413 1756 464 1812 41.
476 1750 682 1829 addititiam.
723 1751 761 1812 V.
775 1757 824 1813 43.
837 1773 891 1832 pro
904 1761 969 1811 sant
988 1753 1090 1833 scripsi
1099 1754 1193 1831 fiunt.

89 1829 194 1907 leliqua
206 1828 272 1909 par's
286 1849 384 1890 versus
397 1831 439 1891 ite
452 1834 481 1890 in
496 1833 582 1893 codd.
597 1826 711 1893 ct'vett.
725 1832 793 1892 edd.
806 1833 923 1913 scripta.

108 1916 156 1972 31.
178 1911 367 1971 Tetrametris
381 1913 560 1974 catalecticis
573 1933 662 1993 quum
676 1914 754 1985 alibi,
769 1925 832 1974 tum
847 1913 1068 1974 continuisusus
1079 1914 1195 1975 videtur

89 1989 189 2051 'lautus
201 1991 230 2051 in
246 1990 416 2053 Trinummo
431 1995 472 2054 ll.
487 2003 515 2068 1,
532 1999 578 2060 17.
592 1995 680 2054 tertio
693 1995 769 2075 pede
783 1996 913 2056 ultimam
927 1995 1099 2056 admittente
1113 1996 1192 2056 anci·

89 2070 163 2132 item.
204 2073 303 2133 Lo'cus
317 2074 357 2133 ita
367 2075 536 2136 scribendus
550 2075 678 2134 videtur:
1104 2098 1105 2101 ’

136 2184 170 2242 dd
182 2188 247 2242 mihi
255 2188 316 2255 hoc,
334 2188 386 2244 mel
398 2208 494 2256 mcum,
511 2192 585 2246 sima
593 2208 674 2254 amas,
688 2188 714 2246 'si
725 2190 808 2246 addis.

135 2261 172 2314 lbi
184 2271 240 2313 tum
253 2259 299 2313 illc
311 2261 435 2316 cuculus:
454 2261 524 2328 hem,
541 2261 627 2316 ocelle
640 2260 684 2326 mi,
694 2257 759 2318 fiat:

136 2330 165 2384 dt
173 2329 251 2396 istuc,
269 2341 296 2383 et
309 2331 329 2383 si
341 2330 452 2402 amplius
464 2333 503 2387 vis
515 2333 572 2386 dari
583 2331 697 2388 dabitur.

133 2401 170 2454 ibi
181 2400 343 2471 pendentem
354 2401 428 2460 ferit:
442 2405 498 2474 jam
510 2402 623 2475 amplios
634 2403 693 2456 brat
703 2418 711 2458 t

135 2471 191 2524 ndo
200 2471 264 2526 satis
276 2471 305 2525 id
316 2471 358 2527 611
369 2472 440 2539 mali,
457 2472 620 2545 nidmpliust
629 2472 718 2538 etiam,
768 2486 773 2497 ·

136 2541 209 2612 qudd
220 2542 294 2607 bibit,
311 2543 382 2614 qudd
394 2553 503 2609 comest,
520 2545 591 2616 qudd
602 2544 666 2600 facit
677 2542 783 2616 sumpti.

89 2653 92 2664 .
136 2613 192 2666 ndx
203 2612 294 2668 datum
312 2613 419 2670 ducitur
428 2613 527 2670 familia
536 2616 614 2671 tota·

89 2733 104 2772 n
126 2715 256 2776 secundo
273 2717 377 2776 horum
391 2734 525 2776 versuum
538 2725 597 2777 tam
611 2728 641 2777 et
658 2716 720 2777 hcm
734 2715 842 2776 addidi.
882 2714 987 2776 ‘sedin
1000 2715 1140 2777 Bacchid.
1154 2716 1192 2780 V.

89 2810 100 2865 ·,’
128 2801 177 2857 18.
198 2794 465 2879 ηεςιισοαωῐειίε,
495 2818 552 2859 nec
575 2798 713 2869 clausula,
734 2797 787 2857 sed
811 2796 985 2859 exclamatio
1008 2796 1042 2881 in
1058 2797 1117 2859 fine
1136 2810 1191 2861 est.
1264 2854 1270 2859 .

89 2877 165 2938 serbo
178 2879 220 2938 ita
233 2879 399 2940 scribendae
1094 2910 1096 2919 ·

134 2996 171 3051 N.
183 2995 211 3050 at
223 2995 288 3050 mibi
299 2993 441 3065 Chrysalus
452 2995 576 3068 6ptumus
587 2995 668 3051 homo
680 3008 767 3052 mcum

134 3066 251 3137 perdidit
259 3065 355 3133 filium,
372 3085 424 3133 me,
440 3067 520 3139 itque
531 3077 586 3121 rem
602 3062 708 3121 omnem
718 3083 809 3120 meam.

135 3140 193 3192 PH.
205 3139 270 3208 quid
281 3139 328 3192 tibi
340 3156 372 3192 ex
380 3136 440 3192 filio
449 3156 509 3192 nam
521 3138 630 3192 dbsccro
641 3154 710 3208 aegre
722 3134 786 3191 est?
804 3137 840 3190 N.
852 3135 926 3192 scies.

133 3211 155 3262 is
168 3212 237 3278 parit
249 3210 309 3262 crim
320 3218 377 3274 tuo,
393 3220 474 3280 atque
491 3210 568 3262 ambo
580 3208 663 3278 aeque
675 3206 772 3262 amicas
783 3206 888 3262 habent.

135 3281 193 3334 PH.
204 3280 250 3350 qui
263 3277 331 3333 scis?
350 3282 384 3334 N.
397 3279 460 3335 vidi.
477 3280 535 3334 PH.
546 3278 590 3332 hei
600 3278 680 3332 mihi:

135 3350 251 3422 disperii.
982 3412 985 3419 ¹

89 3453 239 3516 tamectici
263 3463 294 3513 et
315 3452 468 3512 acatalecti
491 3450 662 3512 Bacchiacis
683 3451 779 3529 juncti
798 3462 830 3511 et
849 3449 979 3511 iambicis
992 3448 1146 3511 octonariis
1160 3451 1191 3510 ic

89 3534 249 3595 lostellaria
261 3545 330 3593 sunt
344 3535 368 3594 Ι.
382 3540 411 3594 4.
433 3534 529 3594 Saena
542 3533 665 3614 turpiter
674 3532 836 3613 *depravata
848 3532 898 3601 ita,
913 3532 967 3591 uisi
976 3531 1068 3605 fallor,
1083 3530 1189 3608 corrigi

90 3617 188 3677 oterite

136 3733 168 3789 C.
179 3731 329 3786 Advbrsum
340 3732 424 3787 veniri
435 3730 499 3786 mibi
510 3731 545 3787 td
556 3729 764 3802 Philolachetem

136 3803 198 3859 volo
209 3803 336 3874 temperis
354 3803 432 3858 abdi:
450 3803 521 3868 hem,
538 3803 586 3857 tibi
598 3802 639 3857 est
649 3801 816 3872 imperatum.

136 3892 197 3928 nam
208 3874 257 3939 illi,
274 3873 320 3928 coi
331 3891 397 3938 sum,
407 3871 474 3928 inda
482 3873 561 3944 all‘ugi

135 3944 224 4000 foras:
241 3945 280 4004 ica
290 3945 351 4000 med
360 3945 396 4000 ibi
407 3945 475 4000 male
484 3943 598 4015 convivi,
610 3940 738 3998 scrmdnis
805 3984 815 4001 .

132 4014 261 4071 taesbm'st.
280 4032 353 4070 nunc
363 4016 530 4071 comissatum
540 4015 586 4069 ibo
597 4013 632 4068 sd
643 4011 860 4080 Philolaehdtsm.

134 4087 181 4140 nbi
193 4086 242 4141 nos
251 4086 329 4140 hilari
340 4085 445 4158 inganio
458 4097 486 4141 et
494 4085 582 4158 lepide
593 4083 713 4157 accipiet.
726 4084 821 4157 ecquid
859 4112 866 4125 ‹

134 4152 227 4219 videor
243 4155 458 4221 mamamade‘re?

169 4230 209 4284 D.
217 4228 322 4299 semper
332 4228 398 4284 istoc
411 4227 491 4283 modo
502 4227 604 4283 morata
612 4236 653 4284 cst
664 4226 726 4283 vita

134 4301 167 4358 C.
180 4299 295 4355 debebas
304 4302 340 4342 -'
348 4299 422 4355 visne
433 4299 483 4370 ego
490 4299 538 4355 ted
546 4316 577 4354 ac
587 4300 616 4353 tir
625 4316 668 4353 mc
679 4294 858 4368 amplectere?
887 4314 894 4331 ¹

98 4383 132 4428 to
152 4373 207 4430 Ἰ).
215 4371 238 4429 si
250 4370 299 4427 tibi
309 4370 397 4430 lacere
405 4370 479 4428 cordi
491 4371 541 4438 est,
552 4369 629 4428 licet.
645 4368 779 4440 &lepida
790 4384 828 4432 m.
915 4421 916 4424 ,
949 4418 953 4425 .
1028 4382 1032 4391 ·
