2694 4866
380 269 441 332 DE
463 271 664 335 cANTIcls
686 272 879 340 sununs,

142 453 176 504 Τ.
188 441 240 524 ’ixa
253 441 350 521 πδτμις
364 469 406 517 ην,
419 440 482 505 iirr’
493 443 676 524 ὶηλλᾶῃθυ
688 429 780 510 virui.

386 524 641 598 mdisihad

305 606 634 694 mmumhogosffisrogos
647 607 738 695 δέμας

304 688 467 773 ’Διδςομᾶχη
480 690 604 764 τάλαινα,
614 691 661 753 rt't'
671 691 723 771 ἵχιι
736 691 840 774 rixata

146 783 180 835 Τ.
191 774 238 834 sei
246 767 310 838 raith
321 771 464 851 ’Axshaint
478 770 558 847 ’iacet
570 781 633 842 rotis
646 773 774 860 ifiat'grrsr.

307 864 342 916 E·
355 856 403 929 ἓγῦ
416 851 442 916 'd
455 859 492 935 Τᾷ
954 857 993 934 ὃν,
1004 867 1033 920 r·
1061 914 1062 917 ,

302 935 651 1096 ...β
659 943 731 1104 stt

143 1110 177 1161 Τ.
188 1099 294 1172 Ἰθάκης
306 1099 442 1168 Ὀδυσσεὺς
454 1047 534 1182 ἕλιξί
545 1048 613 1179 iim
625 1082 749 1173 irrisos·
757 1100 834 1183 ἔχων.

385 1192 419 1244 Ε.
431 1181 452 1252 h',
466 1182 488 1257 ἴ,
943 1183 1034 1269 agapi.

304 1263 402 1346 ἶίμσσι
414 1271 503 1347 sguira
515 1265 642 1350 stipatu,
772 1294 774 1298 ·

306 1344 361 1407 ἕλκ’
374 1345 488 1430 ὄιὺχιηι
496 1345 628 1429 ,ichaunae
641 1350 759 1432 trepaeis
916 1411 920 1420 .

386 1429 579 1508 ffiffimma
975 1453 1037 1513 ,η.

140 1511 252 1592 parag?
264 1505 338 1590 δολίῃ
351 1535 379 1571 τι
391 1509 514 1591 hii-sm
528 1511 736 1586 desiderantius,
1054 1540 1056 1549 ·

307 1593 419 1672 παλιμίᾳ
432 1590 516 1668 δίκαις,
528 1595 667 1676 angarias
678 1592 752 1660 daim

386 1671 643 1741 inmummm

144 1752 209 1817 'ha'
219 1753 343 1817 dvriaeea’
357 1752 435 1824 ati-9⁴5
449 1758 523 1827 iacies
536 1756 656 1837 >amima
668 1756 779 1838 parirrqt

309 1836 378 1911 φίλι
390 1841 427 1897 τὸ
439 1839 538 1943 aegdrtq’
550 1840 640 1919 ι’ίφιλμ
653 1839 775 1919 rhipum
785 1836 899 1907 πάντων.

388 1921 495 1993 poers',
508 1948 528 1980 or
544 1917 667 2006 quu'dm
680 1945 725 2000 pat,
797 1954 799 1958 ·
838 1936 840 1939 ’
962 1917 972 1938 ’

145 1997 741 2082 ssffiwnmwmfflwmddwssd

306 2080 506 2165 innoxium
520 2085 681 2167 verrimes
692 2087 786 2168 antiqq.

66 2249 315 2313 Non¹absurdnm
339 2261 385 2311 est
407 2251 559 2330 suspicari,
580 2251 725 2313 excidisse
744 2251 895 2332 stropham
914 2271 983 2322 cum
996 2250 1129 2313 trimetro
1141 2269 1196 2314 suo

87 2342 134 2392 ost
146 2332 305 2413 stropham,
319 2352 386 2413 qua·
400 2332 502 2393 ordine
521 2333 645 2414 septima
664 2344 720 2408 est,
740 2345 810 2395 ante
829 2332 919 2394 verba
941 2339 970 2396 ri
990 2333 1022 2408 δ’,
1046 2332 1059 2394 ‘i
1085 2335 1197 2414 mmsis.

98 2433 145 2472 am
158 2414 264 2474 mirum
277 2425 333 2487 est,
343 2414 483 2495 imparem
495 2433 561 2477 esse
573 2415 758 2497 stropharum
772 2426 803 2476 et
815 2414 1014 2478 trimetrorum
1026 2434 1196 2488 numerum

65 2495 174 2557 mirum
187 2494 286 2569 etiam,
302 2515 392 2576 quum
405 2496 482 2558 inter
501 2496 663 2558 secundam
682 2499 831 2578 stropham
851 2508 883 2558 et
894 2503 968 2580 'ejus
988 2497 1199 2578 antistropham

66 2588 129 2640 tres
142 2576 245 2639 mediae
254 2577 318 2638 sint
331 2578 468 2659 strophe,
488 2578 567 2646 inter
585 2579 750 2661 septimam,
771 2591 802 2641 et
816 2599 882 2660 quae
900 2579 971 2640 huic
983 2578 1128 2643 simillima
1140 2592 1198 2654 est,

65 2659 212 2721 decimam
226 2661 298 2720 duas
312 2671 425 2720 tantum
438 2661 624 2741 interpositas
637 2680 711 2723 esse.
751 2662 841 2729 Quod
853 2661 878 2722 si
891 2661 1036 2738 excidisse
1048 2663 1198 2743 stropham

60 2741 218 2813 sumimus,
233 2740 332 2802 omnia
344 2741 449 2823 aquali
461 2742 651 2824 proportione
665 2743 805 2827 disposita
816 2754 903 2806 sunt:

149 2893 674 2977 mmpdsmmhssmhha

65 3055 136 3128 post
149 3064 214 3125 quae
226 3065 336 3106 novum
348 3056 475 3125 systema
488 3046 601 3128 incipit,
615 3066 655 3109 ex
667 3047 797 3127 stropha,
808 3047 998 3128 antistropha,
1008 3059 1039 3109 et
1052 3048 1158 3129 epodo,
1169 3047 1201 3106 in

66 3145 129 3208 qua
141 3126 203 3206 ipsa
215 3127 335 3208 stropha
347 3131 437 3209 atque
449 3129 631 3209 antistropha
643 3129 747 3190 mediae
759 3141 838 3190 sunt.
889 3130 958 3188 Non
971 3141 1105 3211 putarem
1115 3129 1200 3190 duhi·
1304 3197 1306 3201 ,

66 3209 191 3270 tandum
205 3229 268 3270 esse
281 3210 319 3269 de
332 3209 420 3288 hujus
434 3210 636 3290 descriptionis
649 3212 782 3284 ver-itate,
792 3211 816 3270 si
826 3209 953 3290 strophae
963 3224 995 3272 Β.
1005 3223 1037 3273 Β.
1047 3211 1102 3271 sibi
1112 3211 1199 3291 plane

64 3291 297 3371 responderent:
317 3290 371 3352 sed
383 3290 521 3371 quoniam
530 3291 577 3351 hae
585 3290 692 3352 similes
706 3302 831 3367 tantum,
841 3311 902 3352 non
911 3293 1038 3372 aequal'es
1047 3303 1125 3368 sunt,
1139 3311 1201 3353 non

67 3372 163 3433 ausim
177 3373 250 3434 certi
264 3372 335 3454 quid
348 3372 551 3454 pronunciare.

111 3459 141 3519 7.
155 3455 216 3516 Sed
230 3455 360 3536 quamvis
379 3473 486 3536 magna
498 3454 529 3514 in
542 3455 587 3515 his
600 3453 877 3537 paromoeostrophis
889 3455 1015 3519 varietas
1028 3455 1201 3536 reperiatur,
1276 3458 1280 3464 '

68 3548 170 3598 tamen
192 3537 333 3618 suspicari
355 3535 436 3612 licet,
455 3537 505 3598 hic
517 3557 636 3619 quoque
650 3536 764 3604 certum
777 3538 933 3624 quemdam
946 3537 1140 3620 responsionis
1153 3556 1202 3602 or-

68 3619 170 3680 dinem
183 3620 355 3700 plerumque
367 3631 514 3682 servatum
527 3639 600 3682 esse.
642 3622 734 3704 Cujus
754 3621 798 3682 rei
817 3619 926 3682 indicIa
939 3621 1072 3701 quiedam
1085 3638 1125 3679 ex
1138 3616 1201 3680 m'e·

68 3703 124 3761 tris
135 3702 199 3797 peti
212 3713 353 3782 possunt:
373 3702 499 3764 certiora
517 3702 700 3778 haberemus,
714 3702 738 3763 si
752 3703 790 3763 de
804 3702 898 3763 modis
911 3703 1203 3765 musicis'eonstaret.

69 3783 237 3844 Vensimile
257 3795 302 3845 est
322 3783 410 3857 enirn,
431 3795 550 3845 cantum
570 3786 689 3849 liberius
709 3796 874 3866 evagatum,
894 3784 1068 3858 certislocis
1082 3784 1112 3842 in
1125 3783 1201 3850 viam

69 3865 251 3946 eosdemque
263 3866 365 3928 modos
379 3866 517 3928 rediisse:
536 3887 610 3948 quos
630 3887 721 3950 quum
738 3878 967 3928 consentaneum
987 3867 1026 3927 sit
1038 3867 1127 3927 etiam
1139 3885 1202 3926 me·

69 3958 119 4006 tro
132 3948 221 4008 fuisse
236 3949 350 4023 eodem,
365 3949 421 4010 erit
440 3968 511 4015 sane
530 3951 626 4012 metri
640 3951 769 4033 ejusdem
790 3949 927 4030 repetitio
947 3949 1063 4028 signum
1083 3945 1202 4028 aliquod

71 4029 278 4109 responsionis,
291 4031 344 4092 sed
358 4051 418 4091 non
432 4032 499 4102 tale,
515 4033 595 4110 quod
607 4033 708 4094 fallere
718 4042 860 4112 nequeat:
880 4032 1017 4110 quoniam
1030 4031 1073 4090 sic
1087 4040 1202 4091 tantum

70 4130 141 4172 vera
154 4122 199 4171 est
213 4113 371 4193 responsio,
385 4114 410 4172 si
424 4114 512 4175 etiam
526 4115 606 4173 modi
619 4127 688 4175 sunt
701 4114 798 4176 iidem.
839 4112 984 4193 Exempla
996 4112 1124 4172 afferam.
1165 4111 1203 4169 In

70 4192 202 4254 Hecuba
222 4213 240 4254 a
260 4215 288 4254 v.
311 4201 401 4259 1056.
421 4215 539 4256 carmen
560 4209 605 4257 est
617 4199 786 4281 ἔτιςόστςοφ..
800 4215 839 4255 ex
852 4195 966 4255 duabus
979 4195 1116 4275 strophis,
1130 4210 1202 4272 quas

70 4274 178 4335 litteris
198 4288 223 4337 A
248 4289 279 4338 et
302 4293 322 4339 Β
347 4278 457 4353 notavi,
478 4278 508 4336 in
529 4279 634 4358 quibus
654 4280 679 4340 si
698 4298 760 4339 non
773 4278 840 4352 alia,
854 4289 936 4339 certe
948 4278 1032 4351 fines,
1045 4276 1082 4355 a',
1097 4277 1135 4346 ω’,
1148 4273 1205 4335 sibi

71 4357 262 4440 respondent.
1068 4360 1075 4373 ’
