2694 4866
324 259 406 322 LIB.
426 260 451 320 Ι.
473 258 566 320 cAP.
587 256 677 319 VIII.
704 257 762 321 DE
784 257 977 323 CAESURA.
1175 261 1214 320 at

89 429 242 503 orationis,
262 448 350 509 quam
364 430 450 490 unius
464 430 586 510 alicujus
599 429 734 489 vocabuli
747 428 821 498 finis,
837 429 872 488 iis
886 428 916 486 in
925 425 1068 499 versibus,
1079 425 1225 506 inquibus
1296 496 1301 505 ἱ

89 514 205 575 utrovis
223 512 310 574 modo
332 512 423 572 incidi
441 524 550 591 potest,
572 531 631 569 non
653 532 691 571 ex
712 498 857 584 vocabuli,
878 511 931 570 sed
951 530 990 571 ex
1009 509 1147 571 orationis
1167 509 1226 569 fine

89 597 254 658 oestimatur
265 613 386 653 caesura.
427 593 532 673 Itaque
545 594 626 652 hunc
636 613 750 653 versum
766 592 901 666 Homeri,

176 696 256 774 πίνῳ
270 695 313 771 μὲν
327 697 361 754 rii
376 697 466 776 egdric
480 695 637 776 sagimini,
658 697 741 776 αὐτὸς
751 692 852 765 ἔπειτα,

91 784 154 855 non
168 794 211 853 sic
225 792 443 870 distinguimus:

175 892 255 971 einp
267 893 310 969 pb
324 895 360 951 rai
374 895 464 973 argrimi
480 890 486 972 Ι
500 889 657 972 sagire-mi,
679 893 762 972 αὑτὰς
776 889 877 960 iassae,

96 992 151 1053 sed
163 991 221 1052 sic:

175 1091 257 1171 timp
269 1091 312 1168 pb
323 1095 357 1150 rii
372 1095 463 1172 ηὸτι
476 1089 633 1172 nogiomo,
656 1090 664 1172 Ι
678 1092 760 1174 edroi<
773 1088 870 1163 iarun,

134 1194 166 1249 4.
190 1189 301 1268 Sponte
324 1208 394 1247 vero
417 1189 598 1266 intelligitur,
619 1189 644 1248 si
670 1208 737 1247 curn
761 1189 911 1248 ordinibus
932 1184 1060 1249 metricis
1081 1187 1111 1246 in
1131 1188 1227 1260 medio

94 1289 184 1330 versu
207 1271 283 1328 finiri
311 1270 452 1329 vocabula
475 1271 621 1342 convenit,
651 1270 743 1329 multo
765 1270 857 1349 magis
882 1270 912 1330 id
936 1270 999 1331 lieri
1023 1270 1053 1328 in
1080 1281 1226 1350 postremo

95 1355 241 1430 cujusque
261 1369 361 1411 versus
383 1352 485 1410 ordine
510 1351 627 1411 debere.
670 1352 807 1430 Ineptum
831 1365 908 1412 esset
927 1352 1015 1424 enim,
1037 1351 1119 1411 linito
1140 1353 1228 1413 totius

92 1452 198 1493 versus
211 1453 333 1492 numero
351 1453 409 1491 non
420 1433 498 1492 'finiri
516 1453 669 1493 numerum
684 1435 849 1506 verborum,
871 1435 924 1494 sed
936 1435 1033 1494 media
1043 1434 1187 1494 vocabula
1198 1433 1230 1493 in

95 1515 171 1574 duas
185 1527 284 1595 partes
297 1512 429 1574 distrahi.
470 1515 595 1574 Versum
609 1525 708 1575 autem
729 1516 778 1574 hic
795 1507 994 1595 intelligimus,
1015 1515 1158 1595 quidquid
1172 1535 1231 1575 una

95 1615 286 1656 numerorum
306 1597 503 1677 perpetuitate
524 1602 714 1676 conjunctum
729 1609 784 1671 est,
806 1598 936 1677 quamvis
952 1598 993 1656 illi
1013 1596 1058 1656 vel
1079 1597 1164 1656 multi
1184 1597 1232 1657 vel

95 1678 170 1738 varii
194 1677 308 1738 numeri
332 1679 398 1748 sint,
421 1689 453 1738 ut
467 1679 498 1737 in
518 1679 693 1760 systematis.
736 1679 837 1739 Partes
857 1691 956 1740 autem
969 1690 1160 1760 systematum
1180 1677 1232 1758 qui

97 1760 205 1820 nolunt
225 1759 363 1839 distingui
384 1761 414 1819 in
434 1763 592 1821 versiculos
613 1761 764 1840 quosdam,
785 1781 823 1821 ne
836 1762 913 1821 forte
934 1761 1054 1839 distrahi
1075 1759 1230 1839 aliquando

98 1842 246 1903 vocabula
258 1842 334 1903 Inter
345 1842 404 1902 dno
417 1862 517 1903 versus
529 1844 694 1917 videantur,
709 1843 747 1903 de
762 1843 890 1917 nornine,
905 1863 965 1902 non
979 1843 1016 1906 d‘e
1030 1861 1062 1902 re
1077 1843 1139 1925 ipsa
1148 1839 1230 1903 litem

97 1935 229 1985 movent.

138 2013 170 2068 5.
192 2005 254 2066 Sed
273 2005 434 2066 tenendum
455 2017 509 2079 est,
531 2006 681 2067 elisionem
695 2007 813 2086 syllabae
834 2026 930 2086 neque
944 2007 1023 2088 apud
1044 2006 1167 2066 Graecos
1179 2020 1232 2066 ne·

100 2105 157 2166 que
182 2088 261 2168 apud
284 2088 433 2148 Romanos
457 2107 576 2149 caesurae
601 2089 726 2149 officere.
768 2089 856 2146 Finiri
879 2091 956 2147 enim
974 2086 1124 2166 judicatur
1144 2103 1231 2146 voca·

98 2168 202 2229 bulum
215 2187 252 2228 ea
264 2170 383 2250 syllaba,
405 2189 471 2248 quae
484 2182 528 2231 est
542 2182 611 2230 ante
627 2171 788 2231 elisionem.
832 2172 910 2231 Raro
924 2181 1023 2228 tamen
1036 2170 1095 2227 hoc
1108 2166 1171 2226 fieri
1185 2184 1232 2226 so·

99 2248 143 2309 let
152 2251 184 2308 in
197 2250 257 2310 fine
270 2251 360 2312 totius
373 2271 482 2323 versus,
506 2253 556 2311 ubi
569 2272 629 2311 non
643 2251 727 2312 aliter
741 2252 904 2311 admittitur
918 2251 1010 2322 elisio,
1024 2250 1078 2309 nisi
1092 2250 1116 2308 si
1130 2266 1230 2310 sensus

100 2331 262 2392 arctisume
274 2334 365 2392 verba
384 2352 451 2393 cum
465 2338 606 2413 sequente
625 2353 711 2392 versu
726 2335 864 2413 conjungi
885 2333 1022 2411 postulet.
1063 2333 1110 2391 Ita
1124 2331 1230 2390 Pinda-

101 2429 149 2472 rus
162 2413 214 2474 01.
228 2414 287 2474 111.
300 2419 350 2476 45.
364 2415 394 2473 in
408 2415 471 2494 ipso
485 2416 612 2495 strophae
623 2416 681 2474 line
695 2415 835 2494 syllabam
850 2415 959 2480 elidere
973 2433 1060 2473 ausus
1074 2423 1128 2473 est.
1163 2413 1231 2472 Alia

102 2496 237 2574 exempla
252 2495 281 2553 in
296 2495 433 2556 trimetris
447 2497 578 2556 lambicis
591 2497 778 2556 inveniuntur
792 2507 822 2555 et
837 2495 866 2554 in
880 2515 965 2555 versu
979 2495 1107 2555 heroico.

140 2581 171 2638 6.
193 2576 312 2638 Caesura
326 2590 377 2637 aut
400 2596 606 2638 nacnssnnrn
621 2590 676 2650 est,
697 2589 830 2637 autnon
851 2595 1068 2637 nncnssnnrn.
1110 2577 1231 2636 Nuces·

104 2675 207 2718 suern
228 2669 273 2718 est
294 2677 338 2728 ea,
360 2679 425 2738 quae
439 2662 579 2737 majorem
592 2679 712 2740 pausam
732 2659 864 2738 requirit,
886 2679 972 2739 quam
993 2672 1026 2719 ut
1040 2658 1149 2737 negligi
1169 2660 1232 2718 sine

105 2739 195 2798 totius
215 2741 328 2798 numeri
350 2740 525 2800 detrimento
545 2741 650 2820 possita
666 2741 760 2820 qualis
780 2753 826 2800 est
846 2745 875 2800 in
890 2753 1073 2821 pentametro
1088 2739 1230 2818 elegiaco,

104 2819 134 2878 in
147 2840 207 2899 quo
217 2822 277 2880 sive
291 2831 369 2894 ante,
391 2823 451 2882 sive
465 2834 532 2902 post
544 2842 610 2899 eam
623 2823 774 2903 syllabam,
795 2824 825 2881 in
840 2843 898 2902 qua
912 2843 1022 2883 caesura
1035 2833 1089 2895 est,
1110 2821 1231 2896 incidas,

104 2901 215 2981 reliqua
237 2921 337 2962 versus
357 2922 424 2983 pars
440 2907 501 2983 jem
525 2923 585 2965 non
609 2905 666 2965 erit
686 2905 841 2985 dactylica,
862 2905 915 2964 sed
933 2905 1116 2984 anapaestica,
1139 2914 1233 2982 eaque

104 2983 179 3056 talis,
201 3004 267 3063 quae
280 3004 339 3044 non
353 2985 540 3047 sinulitudine
560 2985 629 3056 ulla,
651 3007 747 3066 neque
761 2999 829 3066 apta
843 2988 1027 3048 connexione
1041 3006 1108 3046 cum
1122 3003 1232 3065 praece·

102 3065 194 3126 dente
208 3077 290 3144 parte
310 3079 464 3146 congruat.
506 3069 685 3148 Hujusmodi
699 3088 809 3129 caesura
822 3071 846 3127 si
862 3069 979 3150 quando
993 3069 1167 3127 necessitate
1182 3085 1232 3125 co·

101 3157 193 3224 gente
213 3148 348 3208 violanda
360 3160 415 3221 est,
436 3149 514 3208 illud>
529 3162 610 3209 certe
624 3163 753 3222 curatur,
775 3162 808 3209 ut
822 3151 852 3209 id
866 3151 917 3210 liat
930 3151 960 3208 in
981 3150 1169 3210 commissura
1181 3166 1233 3207 vo·

102 3228 379 3308 oebuli‘compositi,
401 3233 484 3309 cujus
500 3231 622 3310 singulae
634 3243 732 3313 partes
747 3252 801 3313 pro
816 3233 935 3293 diversis
948 3232 1097 3292 vocabulis
1109 3227 1177 3302 sint,
1199 3239 1233 3288 ut

100 3309 181 3391 apud
197 3310 419 3384 Callimachum,

185 3411 240 3492 itgal
255 3419 292 3471 νῦν
307 3409 332 3471 di
345 3411 525 3496 Armoogi‘dte
538 3417 614 3487 ytati-
720 3469 722 3473 ,
764 3452 784 3484 ,ψ

102 3507 179 3569 Non
194 3523 402 3569 anonssnnrn
417 3529 528 3570 caesura
544 3526 610 3589 quae
623 3511 672 3584 sit,
690 3529 730 3571 ex
745 3511 790 3570 his
804 3523 908 3590 sponte
921 3510 1102 3588 intelligitur.

142 3590 174 3654 7.
195 3587 344 3651 Proeterea
366 3596 485 3652 caesurae
509 3593 572 3652 aliae
595 3591 1013 3665 sunt1nunrsnrnns,aliae
1033 3606 1235 3652 murnartns.
1329 3641 1331 3652 .

97 3671 209 3750 atque
225 3689 460 3735 rumurnnrnns
473 3685 551 3748 sunt,
566 3694 656 3754 quum
666 3675 783 3735 ordines
795 3693 930 3734 versuum
945 3692 1005 3732 uno
1018 3684 1132 3732 tantum
1145 3672 1234 3730 modo

96 3751 247 3831 distIngui
268 3767 398 3832 possunt.
438 3757 528 3824 Quod
549 3756 604 3816 etsi
625 3758 719 3817 estin
740 3758 795 3828 his,
817 3775 891 3836 quas
911 3754 1088 3816 necessarias
1107 3753 1236 3834 appella·
1324 3799 1326 3802 .

99 3834 210 3902 vimus,
236 3845 346 3909 tamen,
371 3838 396 3898 si
417 3858 475 3917 qua
499 3838 685 3899 immutabilis
710 3858 821 3900 cassura
844 3850 899 3912 est,
915 3856 980 3899 ⁴uon
1007 3848 1052 3898 est
1078 3847 1234 3917 propterea

98 3916 195 3977 etiam
209 3918 383 3979 necessaria.
424 3919 467 3980 Ut
482 3919 513 3978 in
526 3939 613 3980 versu
628 3920 784 4001 Sapphico,

186 4017 358 4100 aensrmsgoi'
373 4017 379 4101 Ι
399 4019 507 4080 ἀθάνατ’
520 4018 660 4102 'Appoir'm

95 4111 296 4172 immutabilis
319 4125 365 4174 est
388 4134 509 4188 caesura,
530 4117 599 4196 quia
622 4137 682 4176 non
703 4139 741 4178 ex
762 4119 834 4192 eliis,
855 4135 942 4198 quam
963 4135 1002 4177 ex
1022 4114 1067 4173 his
1088 4114 1237 4174 ordinibus

95 4203 225 4255 consta
245 4212 354 4264 versus,
374 4197 428 4257 sed
449 4218 510 4257 non
529 4210 574 4258 est
595 4200 768 4275 necessaria,
790 4214 923 4281 utquam
944 4211 976 4258 ct
995 4197 1108 4256 licitum
1127 4197 1165 4256 sit
1185 4213 1236 4254 ne-

90 4274 189 4356 81385·
210 4284 245 4336 ⁹2
257 4276 441 4357 repudiatam
454 4280 493 4339 de
506 4279 649 4340 industria
668 4283 874 4362 aquibusdurn
888 4302 951 4342 esse
964 4280 1122 4339 videamus.
1164 4277 1236 4335 Mu·

95 4373 250 4420 saurus
276 4368 375 4422 autem
402 4380 513 4425 caesura
541 4373 595 4436 est,
616 4362 641 4423 si
665 4365 782 4426 ordines
805 4383 904 4427 versus
927 4364 990 4424 sine
1013 4357 1128 4421 numeri
1149 4357 1245 4418 totius·
