2694 4866
120 292 178 354 ras
349 252 361 289 ‘³
466 283 575 346 nm.
595 283 638 345 n.
659 283 858 348 cna-xm.

204 422 208 429 ἱ
222 457 249 513 S.
262 455 346 511 selvos
359 454 403 520 sis,
421 452 529 510 Treuio.
543 489 558 498 -
571 455 630 511 TR.
643 456 673 510 dt
683 453 778 511 vales?
796 456 824 512 S.
836 455 980 515 nen‘male·

223 528 286 599 quid
297 524 373 597 agis?
391 527 448 587 tlt.
461 526 595 580 hominem
607 526 743 597 eptumum
755 525 845 583 teneo.
854 528 978 585 S-umire
986 528 1063 598 fucis,

144 610 179 654 80
224 598 304 669 quem
321 615 364 651 me
375 597 475 652 leudes.
492 597 551 651 ΤΒ.
563 597 642 652 decet
654 598 734 653 certe.
753 600 781 654 S.
792 596 980 656 hescleatted
1021 602 1048 657 o¹

224 669 304 723 teneo
316 686 417 723 servom
430 668 501 722 harid
513 670 620 723 bonum.
640 667 697 723 TR.
711 669 774 740 quid
781 668 820 724 ita
831 669 904 737 vere,
920 671 993 728 Simo

140 797 143 805 ,
224 741 251 794 S.
264 738 443 809 eiamastlgia,
461 740 495 793 ad
509 738 551 792 me
563 739 626 793 redi.
647 739 705 794 Ta.
714 743 770 810 jam
782 738 825 794 lstl
838 757 892 795 ero.

225 811 253 865 S.
263 810 327 882 quid
338 826 418 876 nunc,
435 827 513 881 quam
524 806 608 863 mex?
626 808 685 864 TR.
696 810 760 881 quid
771 804 832 865 est?
851 811 878 866 S.
889 812 961 884 qued
972 812 1041 869 solet
1051 800 1122 871 llari

41 974 45 981 ,
121 912 340 991 Antistrophica
353 924 429 982 sunt,
453 923 485 970 ut
499 912 622 983 videtur,
644 933 709 991 quae
722 913 825 973 litteris
839 935 857 974 c
871 936 900 987 a,
917 915 938 974 'b
952 915 978 988 b,
999 918 1056 990 dd,
1071 929 1102 977 et
1111 940 1127 978 e
1136 914 1226 978 omasi.

120 995 206 1066 Nam,
227 994 281 1053 nisi
294 993 387 1066 fallor,
408 1013 466 1053 av.
480 997 530 1056 17.
545 1013 634 1072 usque
649 994 686 1053 ad
701 1015 727 1054 v.
742 1001 790 1058 39.
803 995 922 1075 stropha
932 1011 985 1070 est,
1000 997 1085 1069 finita
1094 1000 1224 1069 trochaeo

118 1075 299 1155 septenario:
319 1075 356 1135 de
370 1093 428 1153 qua
440 1093 483 1146 re,
504 1074 571 1152 quia
590 1075 732 1152 posterior
765 1095 811 1135 ars
830 1078 914 1137 valde
933 1077 1067 1139 mutilata
1082 1092 1137 1154 est,
1159 1090 1224 1151 cerlo¹

116 1156 241 1236 judicari
255 1175 313 1222 non
327 1167 435 1234 potest.
477 1154 545 1214 Veri
558 1165 663 1215 tamen
682 1096 774 1216 simile
795 1169 851 1230 est,
871 1159 939 1236 quia
958 1159 1053 1237 etiam]
1066 1181 1095 1219 r.
1116 1160 1163 1224 51.
1184 1166 1222 1224 stt

120 1237 285 1296 trochaicus
309 1236 488 1317 septenarius
513 1237 644 1296 Creticus
664 1238 809 1299 terminat.
851 1238 883 1298 Si
896 1240 939 1311 ita
950 1250 1004 1312 est,
1024 1259 1053 1300 v.
1068 1240 1224 1306 ‘sm-sorde

119 1318 326 1378 lendumerit.
376 1318 501 1396 Reliqua
523 1336 589 1395 pars
608 1339 633 1389 c,
662 1337 700 1377 ex
721 1319 850 1379 versibus
875 1308 961 1380 nuliis
979 1322 1096 1400 generis
1117 1333 1223 1393 emunt.

119 1398 173 1457 nisi
186 1400 250 1458 haec
264 1419 379 1478 quoque
393 1399 600 1476 antistrophica
619 1399 755 1459 fuerunt:
781 1420 848 1459 nam
869 1400 899 1457 in
921 1401 1007 1463 codd.
1032 1404 1107 1466 Pul.
1129 1405 1224 1465 locunt

118 1490 200 1549 sunt;
219 1499 277 1539 non
302 1492 399 1539 tamen
420 1479 450 1537 in
473 1480 541 1538 MS.
565 1480 645 1558 Lips.
667 1479 716 1558 qui
737 1481 886 1542 dormitum
907 1502 936 1541 es
956 1491 987 1541 tu
1011 1483 1112 1547 habet.
1132 1482 1225 1545 Addidi

118 1561 187 1621 milri
200 1572 230 1620 et
243 1582 270 1620 v.
288 1561 561 1622 13.14.15.verba
580 1560 710 1639 quaedam
732 1563 904 1640 transposui,
924 1564 1037 1623 uxorein
1059 1566 1163 1627 delevi.
1196 1564 1224 1623 V.

117 1647 147 1705 1.
161 1641 230 1703 Ms.
243 1642 325 1721 Lips.
337 1662 387 1702 nec
401 1642 558 1722 quidamec
573 1662 630 1701 unc
644 1643 788 1704 meruerd.
829 1645 978 1722 sequutus
996 1664 1063 1705 sum
1073 1656 1076 1661 '
1085 1647 1169 1718 alios.
1183 1644 1225 1707 niti

116 1721 196 1801 quod
208 1721 266 1801 edla
280 1722 391 1803 scripsi.
431 1723 468 1785 V.
481 1725 512 1783 6.
525 1723 565 1782 ita
579 1723 671 1784 MSS.
695 1723 750 1781 nisi
763 1724 843 1803 quod
859 1724 948 1787 solam
1050 1740 1111 1789 ent.
1151 1729 1187 1791 V.
1204 1722 1225 1792 is

117 1803 187 1864 MS.
200 1804 280 1883 Lips.
294 1824 361 1865 cum
374 1803 437 1867 aliis
450 1824 554 1865 mmor.
568 1804 606 1863 V.
620 1805 656 1865 C.
670 1802 754 1864 Parei
768 1826 906 1878 mecona,
920 1826 960 1867 un
980 1802 1224 1880 emsdasusdcdl·

113 1883 153 1942 V.
167 1889 195 1944 8.
210 1885 303 1945 dele'vi
317 1895 366 1948 est.
407 1885 445 1945 V.
462 1890 509 1947 10.
521 1885 570 1945 hic
582 1886 737 1945 verborum
750 1885 822 1947 ordo
836 1887 865 1947 in
880 1888 973 1951 MSS.
984 1900 1015 1949 et
1028 1888 1100 1952 edd.
1110 1902 1181 1953 rest.
1190 1887 1223 1949 V·

118 1967 166 2026 11.
179 1965 221 2025 ita
234 1967 280 2027 ed.
295 1969 382 2046 Carp.
396 1966 447 2026 sed
462 1964 531 2026 MS.
546 1966 626 2044 Lips.
646 1967 671 2024 si
691 1966 820 2035 intrabis,
841 1968 1030 2048 similiterque¹
1054 1971 1142 2032 codd.
1164 1967 1221 2031 Pall-

43 2045 47 2052 “
116 2045 154 2106 V.
171 2052 218 2110 19.
231 2048 332 2126 scripsi
345 2069 409 2128 qcae
422 2067 474 2126 pro
488 2068 581 2127 quam.
622 2047 744 2106 Hiatum
758 2049 892 2108 excusari
905 2049 988 2110 licet:
1006 2050 1060 2111 sed
1073 2053 1221 2132 sold-poss

114 2128 210 2198 facile,
233 2130 340 2189 inserto
354 2139 394 2190 at.
436 2128 471 2187 V.
487 2133 536 2189 11.
549 2127 614 2186 libri
629 2138 699 2186 vett.
713 2140 793 2188 recte
807 2130 924 2191 trullum.
964 2129 1002 2189 V.
1016 2134 1067 2193 24.
1081 2133 1222 2211 Msurp.

114 2209 163 2272 ed
177 2211 263 2293 Carp.
277 2210 384 2292 alloqui
396 2230 448 2271 mc.
488 2210 525 2270 V.
540 2212 590 2273 17.
604 2208 967 2283 videnelreasexciderit,
987 2231 1047 2291 quo
1060 2213 1220 2295 corripiare·
1256 2210 1260 2248 ⁵

114 2290 163 2351 dia
176 2290 206 2349 in
219 2294 347 2354 accedam
361 2291 460 2372 possit.
500 2291 537 2349 V.
552 2295 602 2352 30.
614 2290 664 2349 ted
685 2289 797 2369 scripsi:
819 2290 936 2353 MSsL
967 2311 991 2353 s.
1011 2292 1105 2355 hercle
1125 2305 1153 2357 le
1170 2292 1220 2363 lits

113 2370 134 2432 i.
147 2391 175 2432 e.
187 2373 284 2433 habeo.
324 2372 362 2431 V.
383 2378 431 2434 31.
445 2371 554 2431 mutavi
569 2371 698 2430 ordinem
711 2372 877 2434 verborum.
897 2312 967 2449 MV}
980 2366 1061 2454 Lips.
1074 2376 1147 2447 haec,
1169 2372 1217 2435 Tlt

114 2453 186 2531 quid
196 2453 237 2511 ita
252 2474 327 2524 uero,
352 2454 449 2512 Simo?
471 2454 520 2514 SI.
534 2452 654 2521 omittit3
672 2453 824 2530 sequentia
836 2452 878 2513 ita
896 2454 1005 2534 scripta
1023 2456 1146 2535 praebete
1167 2456 1219 2537 Epi

113 2533 283 2674 priapsettr'ppca
305 2534 422 2593 meridie
444 2533 611 2593 amisticero.
651 2532 688 2591 In
712 2533 857 2594 Pseudolo
881 2534 919 2596 V.
943 2541 973 2599 1.
991 2534 1034 2598 ita
1052 2536 1216 2605 scribendum
1248 2559 1259 2605 2:

115 2746 133 2785 a
219 2732 244 2787 S.
257 2732 317 2788 de
329 2733 377 2789 viri
389 2731 502 2804 pessumi
512 2749 553 2785 me
566 2731 652 2786 enciet
662 2731 742 2786 foras.
831 2724 834 2731 ’

222 2805 269 2861 sed
281 2805 344 2876 quid
361 2802 434 2858 hoc?
453 2801 607 2872 quemodo?
626 2803 689 2874 quid
699 2799 754 2857 tu?
771 2802 850 2858 video
861 2803 937 2879 ego?

115 2888 132 2927 a
219 2877 268 2931 PS.
281 2878 341 2930 crim
352 2891 449 2929 corona
461 2873 561 2926 ebrium
574 2873 735 2928 Pseudolum
747 2883 830 2928 tuum.

220 2948 249 3002 S.
259 2948 341 3001 libere
352 2945 441 2999 hercle
450 2943 500 2998 hec
513 2944 626 3015 quidem.
640 2943 687 2999 sed
698 2943 760 2998 vide
771 2954 878 3000 statum.

113 3023 132 3077 b
160 3025 176 3071 5
188 3020 250 3073 nium
262 3035 321 3071 mes
331 3015 413 3084 gretia
424 3014 587 3084 pertimescit
598 3012 703 3084 magis?

112 3094 131 3148 b
183 3089 278 3161 crigite.
296 3087 414 3150 saeviter,
431 3085 595 3155 blenditcrne
606 3085 736 3156 elloquar.
790 3092 797 3101 ’

114 3181 130 3220 c
253 3159 300 3213 sed
311 3158 363 3211 hoc
376 3156 417 3210 me
429 3165 500 3210 vetat
512 3157 564 3209 vim
575 3154 663 3210 fecere
675 3172 755 3222 nunc,
813 3164 815 3169 '

217 3229 288 3302 qued
299 3227 365 3292 iero,
381 3224 463 3298 siqua
475 3228 503 3279 in
515 3226 568 3280 hoo
578 3227 637 3298 spes
646 3226 722 3280 sitast
733 3225 806 3283 mihi.

113 3323 128 3361 c
163 3292 169 3313 ¹
250 3299 348 3356 PS.vir
357 3297 441 3352 melus
451 3297 507 3350 viro
520 3310 630 3367 optumo
640 3298 744 3351 ebrium
752 3298 784 3353 it.

144 3386 176 3429 ιο
220 3373 247 3428 S.
259 3372 286 3425 di
299 3379 435 3434 trement,
452 3367 599 3422 Pseddole:
618 3369 685 3422 sed‘l
696 3368 725 3421 in
737 3367 832 3423 malam
845 3385 959 3427 crucem.

113 3447 132 3501 d
184 3444 234 3499 PS.
243 3459 290 3497 cur
299 3441 348 3511 ego
360 3457 403 3493 me
414 3437 543 3494 afflicter?
563 3439 589 3492 S.
602 3439 674 3510 quid,
691 3438 798 3503 malum,
810 3456 873 3511 ergo
884 3441 913 3495 in
921 3442 952 3499 es
960 3442 997 3499 mi
1005 3442 1117 3501 irritem
1125 3432 1233 3500 ebnul'

10 3529 20 3535 '
113 3535 130 3574 e
181 3516 232 3571 PS.
244 3509 358 3567 melliter
369 3512 431 3565 siste
443 3527 513 3563 nunc
525 3508 579 3563 me:
599 3526 672 3574 cave,
689 3508 724 3563 ne
733 3508 835 3564 cadam.

119 3629 121 3634 .
218 3585 272 3640 nen
281 3583 354 3638 vides
365 3580 426 3635 med
435 3581 474 3634 uti
485 3580 605 3633 medidus
617 3579 734 3634 adeem?

113 3679 130 3716 e
182 3659 208 3714 S·
220 3673 279 3728 quae
291 3652 483 3709 lstaecaudecia
491 3663 539 3715 est,
556 3651 584 3704 te
597 3651 634 3705 sio
643 3650 773 3706 interdius

143 3739 175 3787 15
222 3728 281 3783 cirm
295 3724 394 3780 corolla
406 3722 505 3777 ebrium
518 3721 649 3776 incedere.
672 3722 723 3777 PS.
732 3721 815 3779 lubet.

111 3801 128 3857 f
213 3800 239 3853 S.
253 3797 316 3868 quid
326 3791 420 3849 lubet?
438 3793 528 3864 pergin
540 3792 643 3861 ructere
654 3793 683 3846 in
695 3810 726 3847 os
738 3791 824 3847 mihi?

109 3872 125 3925 f
213 3871 263 3925 PS.
275 3866 462 3929 suevisructr‘rs
474 3862 536 3916 mihi
548 3875 605 3922 ests
623 3865 660 3918 sic
673 3863 745 3920 sine:
764 3863 774 3916 i
785 3863 875 3918 modo.

111 3961 129 4012 g
249 3941 275 3994 S.
288 3937 367 3992 credo
379 3933 499 4004 equidem
512 3950 590 4003 posse
601 3935 639 4000 te,
650 3933 745 4000 scelus,

182 4009 290 4065 Messici
301 4006 396 4062 mentis
407 4004 558 4057 uberrumos
571 4004 696 4076 quettuor

139 4093 173 4137 20
183 4080 281 4135 strictus
294 4075 435 4163 ebiberein
447 4074 513 4128 hora
525 4076 586 4128 (rna.¹
607 4077 656 4131 PS.
668 4076 786 4141 hiberna,
802 4074 907 4132 addito..

112 4173 129 4226 g
182 4146 819 4288 r‘rndesddiradlemmcaeiod‘eddVendeieddiateffidddri

95 4324 98 4329 ⁴
179 4293 231 4350 PS.
243 4291 302 4347 elim
313 4287 428 4353 tuofllio
440 4287 577 4360 perpotavi
589 4288 677 4344 modo.
757 4318 760 4323 ·
818 4310 828 4327 -,
