2694 4866
178 296 239 356 466
360 290 441 354 ua.
460 290 520 356 ΙΙΙ.
539 292 634 357 CAP.
653 291 770 354 xvllt.
790 290 849 354 DE
865 288 1048 355 STROPH.
1066 294 1129 352 dc.

261 457 825 545 -i-w-lLvLuLw-u..

181 590 432 670 interpunctioues
445 595 474 652 in
489 597 602 655 caterio
614 595 738 674 strophis
752 595 870 652 docent.
914 591 972 649 Sed
985 601 1113 668 apparet
1122 583 1300 661 simutant·

177 689 228 730 me
242 692 359 733 suavem
373 695 436 735 esse
449 677 629 748 divisionem,
652 676 685 746 si,
710 674 789 753 quod
803 672 969 731 Boeclrhius
988 671 1072 742 fecit,
1087 678 1180 732 rub
1193 671 1299 738 scrib,

182 771 270 829 quam
283 756 308 813 si
320 767 494 834 postremam
508 759 633 817 litteram
648 756 772 815 omittas.
813 754 911 812 Multo
935 753 1011 812 enim
1035 753 1135 817 lenior
1159 764 1206 810 est
1218 749 1300 810 brevis

182 835 294 912 syllaba
307 848 371 914 post
384 838 500 916 longam
515 832 544 895 in
558 837 690 896 anacrusi
705 838 827 909 elevata,
848 854 934 913 quum
955 835 1051 912 longa.
1096 834 1191 892 Nullo
1213 844 1300 893 autem

182 928 271 994 pacto
285 917 353 975 ferri
367 930 463 996 potest
476 919 576 976 divisio
600 918 630 975 in
652 916 837 976 Isthmiorum
862 916 989 974 carmine
1011 915 1119 973 ultimo
1132 914 1229 974 sacta:
1247 929 1300 990 que

182 996 244 1056 sive
258 1017 343 1069 unus,
358 1000 418 1057 sive
431 999 490 1058 duo
503 1000 561 1057 sint
582 998 611 1055 bi
624 1008 733 1068 versus,
748 997 871 1077 pessima
885 1009 937 1056 est.
979 1000 1083 1076 Atque
1108 997 1171 1055 boc
1195 993 1301 1074 quidem

183 1077 284 1136 vitium
299 1099 401 1138 vereor
414 1100 451 1140 ne
475 1099 567 1158 nuper
590 1081 665 1139 attari
683 1107 727 1158 pa
740 1079 894 1138 scribendo
908 1079 994 1137 etiam
1008 1089 1133 1137 auctum
1148 1076 1196 1135 sit.
1238 1074 1301 1132 Nam

182 1178 345 1238 pronomen
359 1161 400 1218 ita
414 1161 599 1232 collocatum,
623 1172 655 1219 ut
680 1163 708 1218 in
723 1161 942 1238 pronunciando
965 1179 1024 1218 non
1039 1158 1134 1241 possit
1149 1177 1210 1216 uon
1224 1171 1300 1235 pausa

183 1251 253 1300 ante
267 1241 339 1312 fieri,
354 1243 499 1320 quomodo
512 1253 608 1320 potest
621 1241 788 1301 encliticam
803 1241 885 1300 esse?
907 1240 965 1300 Ubi
988 1260 1059 1300 vero
1082 1239 1204 1318 singula
1223 1256 1299 1297 mem·

182 1321 237 1380 bra
250 1321 378 1400 singulos
391 1343 490 1381 versus
505 1324 697 1396 constituunt,
721 1342 756 1382 ac
769 1322 892 1401 proinde
905 1323 999 1384 minus
1012 1332 1115 1383 arctus
1140 1333 1186 1381 est
1210 1334 1299 1385 nexus,

183 1401 240 1463 illis
254 1403 439 1473 divisionibus
452 1404 534 1463 locus
554 1417 608 1478 est,
630 1424 696 1483 quae
718 1403 790 1462 nibil
804 1401 967 1469 offensionis
990 1403 1113 1471 habeut,
1140 1414 1175 1462 ut
1198 1401 1229 1460 in
1250 1398 1299 1469 illo,

184 1484 263 1562 quod
276 1502 364 1563 supra
371 1484 466 1557 attuli,

264 1617 363 1694 δαῖμον,
377 1617 402 1686 ’ὃς
417 1622 536 1695 harescit
550 1618 648 1698 >ripert
661 1624 706 1680 nal
720 1617 801 1698 διφυί·

264 1727 312 1760 etrr
327 1699 529 1763 Tarrahllatrtv.

224 1843 275 1901 20.
297 1837 345 1897 Ex
358 1839 459 1900 eadem
474 1838 674 1898 observatione
687 1836 869 1916 intelligitur,
890 1835 940 1922 qui
962 1835 1012 1895 fiat
1026 1848 1060 1895 ut
1074 1835 1232 1900 divisiones
1243 1829 1296 1892 ahbi

183 1918 365 1999 improbatae,
377 1921 405 1978 in
417 1921 587 1999 quibusdam
601 1921 730 1980 versibus
739 1919 916 1997 tragicorum
930 1917 1048 1976 minime
1063 1936 1139 1976 rarae
1152 1918 1218 1976 sint.
1255 1912 1296 1970 Di·

184 2019 222 2058 eo
236 2011 333 2059 autem
348 2001 401 2060 hos
415 2003 541 2063 maxime
555 2020 662 2070 versus,
673 2004 722 2080 qui
736 2002 924 2078 antispastum
939 2011 969 2057 et
982 1998 1229 2076 penthemimeres
1241 1997 1295 2054 iam·

184 2081 295 2154 hicum,
309 2082 354 2142 vel
368 2083 427 2142 duo
441 2083 668 2161 penthemimere
682 2083 815 2157 iambica,
828 2081 969 2143 similesve
979 2080 1088 2144 torma
1102 2081 1263 2141 continent:
1274 2083 1296 2131 ut

186 2163 217 2222 in
232 2165 351 2244 Septem
365 2164 403 2222 ad
418 2165 533 2225 Thebas
548 2183 575 2224 v.
593 2170 660 2229 121.

265 2314 354 2398 irtio
370 2313 405 2378 la
423 2349 444 2369 -ι
464 2318 505 2377 ten
524 2313 629 2382 tavers.

186 2454 223 2514 In
238 2453 333 2513 Persis
346 2473 374 2515 r.
388 2457 458 2516 288.
474 2434 477 2439 Ι

174 2608 177 2614 ·
265 2583 365 2646 bearet
379 2585 426 2647 tr'r'u
445 2625 467 2638 -
487 2587 532 2656 dar
552 2585 586 2655 ἧδ’
601 2587 726 2673 indulget.

187 2716 225 2776 In
239 2718 461 2796 Agamemnone
475 2739 502 2782 v.
516 2723 586 2785 217.
679 2746 680 2749 ¹

188 2909 190 2912 ,
265 2854 366 2932 μιαίνων
380 2879 432 2936 meg
452 2889 473 2901 -
492 2857 689 2930 θινοσφαίγοισιν.

188 2982 224 3038 In
238 2979 340 3038 cadem
354 2982 452 3040 fabula
466 3003 493 3041 v.
507 2989 577 3046 200.

267 3119 341 3199 artai
355 3113 377 3175 δ’
391 3122 442 3175 rial
458 3127 523 3199 Ergo
543 3153 564 3174 ,-
583 3118 653 3196 μένος
665 3125 791 3195 matteas

267 3196 422 3278 κικδσχολοι
437 3202 460 3264 vti
480 3235 501 3247 -
521 3197 598 3272 ortlrg
613 3199 739 3285 liro-aggeo·

187 3344 272 3413 Idem
298 3346 408 3413 dictum
436 3349 501 3409 volo
530 3351 567 3409 de
594 3350 722 3418 versibus
751 3349 938 3422 dochmiacls‚
969 3351 998 3407 in
1027 3349 1133 3429 quibus
1164 3345 1299 3428 sepissime

189 3425 358 3487 dlviduntur
371 3431 521 3503 vocabula,
542 3432 668 3490 maxime
693 3451 780 3510 quum
806 3431 907 3500 ultima
929 3431 1040 3511 syllaba
1064 3432 1093 3489 ln
1119 3431 1192 3490 duas
1213 3431 1298 3488 breves

189 3507 320 3567 solvitur.
362 3512 505 3603 Exempla
519 3514 597 3600 apud
607 3513 768 3584 Seldlerum
781 3524 922 3593 prostant,
934 3532 1023 3599 quum
1037 3512 1100 3573 aliis
1113 3513 1145 3570 ln
1159 3511 1238 3583 locis,
1252 3520 1301 3568 tum

80 3646 83 3650 .
186 3592 280 3666 pdl.

231 3675 281 3730 21.
304 3671 353 3730 Ad
368 3674 432 3734 haec
447 3678 542 3748 omnia
556 3677 682 3758 denique
696 3695 795 3736 sensus
809 3675 930 3744 accedat
944 3693 1064 3735 neeesse
1082 3683 1129 3734 est
1149 3690 1241 3753 neque
1257 3684 1297 3758 ως

188 3758 254 3808 tura
268 3771 285 3810 a
298 3767 451 3815 venustate
465 3757 633 3829 abhorrens,
648 3769 678 3818 et
693 3757 903 3818 exercitatione
916 3759 992 3816 bene
1007 3755 1113 3824 cultus,
1130 3767 1165 3814 ut
1178 3753 1246 3834 quis,
1259 3765 1296 3826 qut

134 3874 135 3879 κ
189 3848 306 3922 quoque
320 3835 348 3891 in
363 3835 429 3895 loco
443 3839 503 3917 apti
517 3853 547 3899 et
561 3841 766 3908 convenientes
780 3838 893 3908 numeri
902 3839 969 3909 sint,
984 3837 1080 3897 videat
1095 3848 1233 3921 recteque
1243 3847 1295 3909 per·

188 3912 288 3988 crpiat.
331 3918 380 3974 Ad
394 3938 457 3977 eam
472 3940 533 3978 rem
548 3932 644 3980 autem
660 3941 732 4001 opus
747 3932 799 3990 est,
816 3931 848 3979 ut
870 3920 933 3998 quis
954 3922 1056 3998 po'e'tas
1077 3937 1138 3975 non
1163 3916 1296 3976 verborum

187 3996 499 4082 grammaticarumque
513 4021 654 4079 nugarum
677 4021 789 4073 caussa,
807 4001 860 4060 sed
881 4021 917 4061 eo
941 4001 999 4062 fine
1023 3999 1149 4070 lectitet,
1170 3999 1208 4057 ob
1226 4007 1294 4073 quem

187 4071 228 4127 tlh
244 4077 371 4136 carmina
385 4100 437 4140 sua
451 4082 656 4152 condiderunt,
671 4093 810 4162 tantaque
824 4093 887 4149 arte
901 4083 1097 4155 elaborarunt.
1142 4079 1201 4139 Sed
1214 4069 1294 4134 hocin

190 4171 307 4229 genere,
323 4159 346 4214 si
361 4161 419 4220 ullo
430 4164 460 4219 in
475 4163 541 4233 alio,
556 4163 689 4221 criticum
704 4183 874 4242 cognoscas,
886 4174 982 4222 utrum
992 4162 1182 4222 humanitatis
1191 4159 1294 4234 aliquem

188 4251 305 4293 sensum
320 4238 435 4315 habeat,
449 4264 485 4303 an
501 4244 571 4302 nihil
585 4245 638 4302 nisi
653 4244 777 4322 syllabas
792 4247 929 4306 rimetur,
964 4245 1015 4311 Ut,
1031 4243 1096 4323 quis
1117 4243 1226 4319 credat,
1238 4251 1294 4315 prae·

189 4315 282 4385 claros
296 4339 420 4403 vereque
434 4325 546 4388 divinos
560 4344 704 4404 numeros,
719 4347 791 4408 quos
811 4318 1154 4408 AEschylus,'quo'nomo
1167 4323 1197 4385 iu
1215 4330 1295 4382 nunt·

744 4455 761 4498 5
