2694 4866
250 274 333 336 LIB.
348 275 390 335 ΙΙ.
406 274 499 336 CAP.
513 272 626 336 XXVI.
646 271 705 334 DE
728 272 869 336 VERSU
889 275 1095 342 HEROICO.
1134 336 1136 341 ,
1178 286 1239 349 209

103 433 162 528 ded
177 443 240 502 hac
258 445 319 521 jam
340 445 431 522 magis
452 445 489 504 ad
507 454 697 523 systematum
715 444 945 524 magnitudinem
966 449 1121 527 accedunt.
1162 451 1229 511 Hu-

104 525 219 592 insumi
233 526 379 603 longiores
396 545 497 585 versus
517 527 547 584 in
569 538 667 586 mente
688 526 824 586 habuisse
840 528 998 587 Aristidem
1013 531 1226 597 Quintilianum

109 613 177 678 puto,
192 627 282 686 quum
296 627 324 685 p.
340 612 389 669 52.
403 609 561 668 scriberet:
581 617 626 669 τοῦ
639 606 665 668 di
678 618 775 680 γινιιιοῦ
788 606 945 670 lavassent
965 617 1129 678 πεποιήκασιν
1147 617 1171 674 o‘
1182 616 1227 692 pir

110 681 158 764 (ita
172 689 204 747 L.
222 690 377 750 Santenius
391 689 541 771 propatrui)
564 698 650 752 caira
670 688 731 758 sida·
752 689 872 773 δι’μιτςον,
895 694 1032 775 reticescat,
1053 698 1227 778 τιτςιίμιτςον,

107 771 267 852 surriperen-
281 775 468 853 aeaegassar'norr
482 770 506 833 Χ
520 798 579 840 τηις
592 774 667 843 ariri,
688 777 733 831 nal
753 776 824 832 sacal
844 774 967 851 συζυγίιιν
988 784 1113 844 woroime
1133 777 1226 860 streni-

100 874 173 933 psrpae
184 855 375 917 taceamne.
418 853 493 912 Nam
513 873 577 932 quoe
591 852 640 912 hic
653 855 813 937 τιτςιίμιτμ
832 858 903 913 usal
924 857 1044 932 όυζνγιθιν
1064 868 1160 932 vocal,
1180 857 1223 916 vi-
1246 918 1253 931 x

101 929 200 992 dentur
214 952 253 993 ex
267 945 370 1014 quater
383 934 457 994 binis
471 935 594 1017 pedibus
610 935 773 1016 composita
787 934 910 1018 intelligi
923 934 1039 995 debere.
1083 1000 1086 1005 ,

511 1227 627 1303 CAP.
654 1227 802 1306 XXVI.

468 1429 519 1485 DE
545 1437 664 1489 VERSU
690 1437 869 1488 Hnaotco.

135 1599 163 1655 l.
184 1591 344 1673 Vnnsunn
365 1594 493 1655 omnium
515 1607 545 1656 et
566 1597 782 1678 antiquissimus
801 1609 831 1657 et
853 1595 1046 1657 nobilissimus
1066 1608 1111 1658 est
1131 1597 1222 1657 hexa-

100 1688 187 1735 meter
207 1676 353 1750 heroicus,
375 1683 457 1759 cujus
476 1677 617 1757 originem
638 1681 769 1760 plerique
790 1680 827 1739 ad
843 1677 1031 1738 Phemonoen
1046 1679 1220 1748 retulerunt,

101 1754 131 1814 de
151 1777 208 1836 qua
229 1759 397 1819 revidendi
417 1761 572 1820 Pausanias
597 1762 635 1821 X.
660 1767 690 1834 5,
715 1769 745 1823 4.
787 1761 908 1821 Procius
931 1761 961 1818 in
987 1760 1223 1832 Chrestomathia

101 1841 170 1914 apud
185 1841 321 1899 Photium
334 1863 364 1921 p.
378 1849 447 1905 sto.
461 1843 521 1901 sive
535 1861 573 1902 ex
589 1843 746 1902 Gaisfordii
756 1842 884 1901 editione
894 1862 923 1920 p.
936 1845 1006 1906 376.
1048 1841 1221 1901 Eustathius

101 1919 133 1975 ad
146 1921 227 1980 lliad.
241 1942 268 2001 p.
282 1931 312 1994 t,
330 1930 356 1982 l.
400 1925 465 1983 Nec
484 1944 553 1983 sane
575 1925 719 1983 immerito
740 1924 869 1983 divinum
889 1923 960 2003 quid
980 1923 1088 1982 habere
1101 1921 1162 1981 visa
1175 1935 1222 1983 est

103 1997 177 2077 hujus
197 2023 296 2064 versus
316 2006 455 2066 inventio.
496 2007 569 2071 Quis
588 2020 633 2065 est
654 2007 742 2078 enirn,
767 2006 827 2085 qui,
847 2006 872 2064 si
895 2004 1059 2064 accuratius
1081 2008 1143 2084 ejus
1168 2023 1221 2063 na-

105 2090 187 2140 turam
201 2086 436 2160 consideraverit,
458 2107 516 2145 non
537 2088 695 2146 admiretur
715 2087 851 2145 eximiam
871 2086 950 2165 illam
971 2086 1143 2169 Graecorum
1164 2085 1222 2144 sol·

106 2157 215 2238 tertiam,
226 2169 274 2245 qui
289 2169 319 2227 in
333 2169 401 2246 ipsis
416 2169 484 2228 artis
499 2169 661 2247 primordiis
675 2169 773 2226 statim
786 2168 859 2226 illud
868 2178 993 2226 metrum
1003 2166 1174 2245 repererint,
1188 2167 1225 2226 in·

106 2261 153 2318 quo
167 2251 270 2320 omnia,
286 2269 350 2327 quae
365 2263 477 2327 gratam
490 2250 670 2321 varietatem,
684 2261 877 2319 venustatem,
893 2248 1064 2326 dignitatem
1085 2247 1220 2307 carmini-

108 2321 151 2384 bus
163 2329 313 2402 adderent,
328 2336 486 2409 conjuncta
507 2331 715 2391 cernerentur?
746 2334 813 2396 Qua
833 2330 863 2387 in
885 2350 916 2389 re
936 2330 1110 2409 explicanda
1130 2349 1223 2408 quum

108 2407 163 2464 milri
177 2431 234 2468 uon
248 2413 441 2473 satisfecerint
455 2432 499 2485 ea,
514 2433 579 2492 quae
594 2413 704 2471 Frider.
727 2411 915 2471 Thierschius
926 2411 956 2470 in
968 2411 1170 2471 dissertatione
1180 2411 1220 2472 de

107 2491 233 2561 po'e'matis
257 2494 392 2566 Hesiodi,
414 2495 629 2553 commentariis
651 2494 820 2554 Academia
845 2493 1034 2552 Monacensis
1054 2492 1172 2566 inserta,
1191 2514 1222 2573 p.

107 2569 145 2628 38.
157 2573 263 2646 attulit,
278 2577 387 2652 paucis,
403 2577 472 2653 quid
487 2596 543 2654 ego
557 2575 691 2646 sentiam,
706 2576 772 2634 volo
793 2593 951 2653 exponere.
992 2574 1219 2634 Animadverte-

106 2643 163 2710 btot
176 2667 287 2727 autem,
299 2668 332 2714 ut
346 2655 458 2734 opinor,
473 2657 525 2728 illi,
539 2658 589 2735 qui
602 2657 688 2735 primi
702 2675 886 2715 communem
907 2674 1070 2714 sermonem
1091 2655 1129 2713 ad
1148 2659 1220 2735 poe'·

106 2728 141 2790 tiu
154 2735 285 2796 attollere
299 2739 489 2811 conabantur,
504 2756 625 2800 numero
641 2758 714 2816 opus
728 2757 801 2809 esse,
816 2737 866 2814 qui
885 2737 954 2794 dum
968 2737 1161 2796 humilitatem
1176 2737 1220 2796 fa-

103 2811 206 2893 pillaria
219 2817 356 2900 orationis
370 2820 528 2892 desereret,
542 2819 682 2878 retineret
702 2829 800 2878 tamen
821 2823 883 2898 ejus
903 2817 1139 2896 aequabilitatem,
1161 2838 1221 2897 quo

104 2897 199 2969 pariter
212 2911 243 2958 et
257 2900 391 2960 omnibus
404 2902 491 2960 rebus
512 2900 693 2979 exponendis
713 2910 798 2979 aptus
819 2912 905 2970 esset,
928 2910 959 2957 et
978 2899 1029 2958 diu
1049 2900 1111 2959 sine
1132 2899 1221 2960 taedio

94 2979 319 3044 ,onnnuaretun
361 2981 410 3041 lta
423 2982 484 3041 lieri
498 3001 557 3040 non
571 2981 678 3060 potuit,
698 2981 768 3059 quin
788 2980 967 3061 dactylicum
986 2984 1141 3040 'numerum
1163 3000 1221 3040 cae·
1328 3022 1331 3027 -

103 3058 162 3119 letis
179 3062 357 3139 praeferrent,
378 3065 438 3142 qui,
459 3063 595 3142 quoniam
616 3063 776 3122 simillimus
797 3063 944 3122 tribracho
965 3073 1020 3137 est,
1041 3061 1112 3120 dum
1132 3062 1220 3140 hujus

94 3135 268 3225 -tlacritatem
282 3143 414 3215 haberet,
428 3145 531 3203 fortius
545 3157 643 3204 tamen
657 3144 819 3216 incederet,
833 3144 917 3203 simul
931 3154 1030 3202 autern
1044 3156 1112 3222 apte
1130 3163 1219 3221 spon-

103 3212 211 3282 deorum
224 3225 361 3304 tarditate
374 3239 473 3305 posset
491 3218 655 3304 temperari.
697 3225 870 3291 Sentiebant
890 3236 1000 3296 autern,
1020 3224 1043 3283 si
1064 3225 1144 3283 hunc
1165 3244 1220 3283 uu·

91 3312 203 3377 nerum
216 3307 252 3366 ab
266 3309 398 3366 anacrusi
412 3308 583 3387 inciperent,
598 3306 846 3383 vehementiorem
860 3326 927 3365 eum
945 3305 1078 3385 futurum
1095 3325 1169 3378 esse,
1183 3325 1220 3366 ac

104 3376 188 3466 Ubus
199 3388 378 3467 aequabil‘em,
393 3408 480 3468 quam
494 3389 625 3449 deceret:
646 3387 725 3447 unde
738 3388 775 3446 ab
796 3387 852 3446 arsi
873 3405 940 3446 eum
961 3387 1157 3455 inchoandum
1175 3386 1220 3443 in-

106 3460 276 3541 allexerunt,
291 3471 370 3549 quod
384 3491 472 3550 grave
492 3471 577 3529 simul
598 3481 628 3529 et
647 3469 782 3547 sedatum
803 3469 956 3528 exordium
969 3478 1030 3538 est.
1071 3469 1219 3528 Praeterea

100 3548 250 3619 ,mundum
263 3563 337 3622 erat,
352 3565 394 3624 ut,
410 3553 479 3610 dum
494 3551 673 3631 aequabiliter
686 3550 860 3630 procederet
880 3568 989 3620 versus,
1011 3561 1109 3607 tamen
1130 3548 1219 3607 etiam

89 3624 256 3712 3³trietarern
278 3633 411 3692 idoneam
431 3630 576 3713 haberet(
604 3633 708 3711 Itaque
733 3631 848 3690 ordines
872 3649 931 3688 non
952 3629 1039 3688 modo
1060 3648 1116 3688 uec
1136 3628 1218 3706 longi

89 3714 92 3719 ’
113 3705 254 3778 lumibnec
267 3716 379 3788 breves,
393 3714 445 3774 sed
466 3717 554 3775 etiam
575 3734 643 3773 cum
663 3712 851 3773 similitudine
871 3710 1022 3784 dissimiles
1043 3729 1105 3769 esse
1126 3709 1217 3768 debe-

110 3773 179 3917 ιῙὲῑὶῑ·
213 3795 386 3875 Utrumque.
397 3797 572 3876 consequuti
591 3806 670 3870 suut,
692 3813 782 3876 quum
808 3813 924 3856 versum
945 3811 984 3853 ea
1006 3791 1051 3851 his
1069 3789 1219 3851 ordinibus

136 3881 325 3951 ,mposuerunt
405 3950 409 3958 .

179 4018 777 4116 *l-w-w-le-w-w-v

127 4144 212 4266 ptum
225 4181 312 4239 quum
328 4174 451 4243 uterque
465 4183 529 4224 eam
542 4164 649 4225 habeat
663 4160 902 4241 magnitudinem,
918 4176 983 4236 quoe
1002 4174 1099 4236 neque
1119 4153 1217 4249 brevi·

125 4281 131 4295 .
146 4223 217 4296 ²⁶an
226 4244 386 4304 orationem
400 4248 546 4305 concisam
560 4245 674 4318 reddat,
685 4264 741 4304 nec
756 4242 844 4302 nimia
857 4239 1041 4318 longitudine
1055 4237 1218 4296 molestiam

122 4300 349 4388 ¹¹i'lltunciando
364 4339 456 4406 creet,
470 4328 556 4390 ambo
570 4327 609 4388 ad
623 4326 850 4405 aequabilitatern
863 4321 977 4382 numeri
991 4316 1219 4381 conservandam

618 4425 649 4487 D
664 4424 685 4483 d
