2694 4866
191 317 250 376 aaa
523 302 608 377 'nra
628 315 671 375 11.
692 304 785 377 cnr.
807 302 980 374 xxxtutt.

275 584 421 648 wss...
434 583 597 667 lvo-¹...

193 701 224 759 in
235 719 297 778 quo
311 720 432 760 numero
445 699 515 758 nihil
530 711 584 768 est,
598 698 678 776 quod
693 695 866 790 reprehendi
878 693 986 774 possit;
1006 694 1109 771 altero,
1122 706 1158 756 ut
1171 690 1292 776 compti·
1330 763 1339 777 Ν

193 792 241 839 tus
254 782 411 841 baberetur
424 801 462 841 ex
476 790 623 859 anapmsto
637 790 667 838 et
680 797 736 838 arsr
749 778 837 854 nuda,
1330 776 1339 831 l

272 896 438 979 vul-il.
450 898 511 981 Ιυυ
521 895 562 957 .’.
574 896 580 978 Ι
591 893 633 957 ,ἶ-

193 1012 243 1088 qni
257 1011 318 1090 ipse
341 1030 457 1090 quoque
478 1010 573 1089 gravis
587 1020 630 1068 ast
651 1021 682 1070 et
694 1012 788 1070 bonus
808 1027 956 1069 numerus.
997 1009 1038 1069 Et
1050 1008 1128 1069 hanc
1143 1009 1255 1089 quidem
1271 1017 1297 1066 ut
1334 1004 1339 1040 ἱ

191 1111 289 1150 veram
310 1092 453 1150 rationem
475 1111 537 1152 esse
551 1104 662 1170 putem,
677 1103 739 1149 tum
754 1091 827 1149 illud
840 1111 886 1149 me
906 1102 1014 1160 movet,
1029 1091 1109 1168 quod
1123 1091 1167 1149 ita
1187 1103 1297 1151 servatur

191 1172 232 1242 id,
247 1172 324 1250 quod
339 1173 367 1230 ei
381 1191 535 1232 commune
556 1183 600 1231 est
614 1192 680 1230 cum
695 1172 796 1231 lonico
810 1190 828 1231 a
842 1173 959 1248 majore,
975 1171 1041 1229 duae
1055 1176 1222 1251 conjunctae
1234 1187 1297 1230 arsos

190 1273 257 1312 cum
273 1253 413 1331 disyllaba
427 1253 503 1312 thesi
517 1252 562 1312 vel
576 1254 728 1312 anacrusi:
751 1253 828 1311 unde
842 1271 995 1310 commuue
1009 1252 1098 1311 etium
1112 1272 1221 1312 nomen
1234 1251 1299 1312 Ioni-

190 1354 292 1393 corum
315 1333 434 1405 habent,
449 1334 528 1412 quod
551 1333 635 1392 aliter
647 1334 751 1390 mirum
764 1333 840 1391 foret
864 1331 1010 1410 quomodo
1025 1333 1196 1410 impositum
1213 1333 1301 1392 fuisset

189 1415 318 1473 numeris
327 1414 407 1472 nulla
419 1414 605 1472 similitudine
616 1413 760 1490 cognatim
774 1426 836 1473 tum
846 1412 914 1471 inde
929 1432 1045 1490 quoque
1055 1413 1168 1492 aliquid
1177 1411 1303 1474 momenti

188 1494 332 1556 accedere
356 1493 489 1564 arbitror,
503 1493 583 1571 quod
605 1495 647 1552 sic
661 1493 755 1552 soluta
774 1505 921 1571 postrema
941 1494 1034 1552 ionici
1055 1495 1202 1557 aminare
1220 1494 1302 1553 multo

187 1577 296 1714 reclqius
309 1589 398 1654 atque
417 1576 522 1654 aptius,
537 1592 623 1652 quam
636 1572 661 1632 si
674 1592 734 1632 non
754 1585 831 1633 esset
843 1573 923 1647 arsis,
944 1575 1131 1652 pronunciari
1152 1586 1258 1656 potest,
1275 1585 1304 1634 ut

187 1675 219 1716 m
254 1675 290 1715 oc
304 1675 399 1728 versu,

267 1754 306 1822 ah
320 1753 387 1816 'r'rssa
401 1763 561 1830 ramam
574 1761 619 1818 sal
632 1755 739 1836 gaianas
751 1757 876 1840 apicula.

228 1877 257 1933 5.
277 1871 345 1933 Jam
357 1892 428 1931 vero
440 1873 589 1932 videamus
603 1873 640 1931 de
653 1873 787 1933 anaclasi.
828 1873 951 1932 Veteres
965 1872 1083 1952 quidem
1097 1875 1171 1935 artis
1183 1876 1302 1936 metrice
1337 1888 1339 1941 j

183 1953 315 2031 magistri
338 1972 390 2012 cur
403 1954 549 2012 anaclasin
562 1953 591 2010 in
605 1954 682 2017 ¹solis
696 1954 804 2013 Ionicis
823 1954 965 2013 aminare
989 1955 1190 2028 adhibuerint,
1204 1957 1259 2016 etsi
1274 1957 1299 2014 ia
1337 1960 1339 2025 ἷ

187 2034 285 2094 alteris
299 2053 415 2113 quoque
429 2034 536 2093 Ionicis
551 2046 580 2093 et
595 2035 767 2093 choriambis
788 2035 890 2093 eadem
903 2034 1012 2113 dactyli
1026 2036 1056 2093 in
1070 2034 1303 2114 amphibrachum

185 2115 309 2174 mutatio
331 2115 485 2188 invenitur,
499 2135 559 2175 non
572 2127 617 2174 est
638 2116 803 2174 obscurum.
845 2116 922 2174 Nam
943 2117 1073 2176 versibus
1088 2116 1152 2177 istis
1177 2119 1302 2178 omnibus

186 2199 218 2256 in
239 2196 373 2277 syzygias
395 2208 532 2277 quattuor
554 2197 729 2276 syllabarum
753 2196 859 2268 divisis,
884 2197 915 2255 in
935 2197 1002 2256 solis
1025 2198 1138 2259 Ionicis
1160 2219 1179 2259 a
1202 2199 1303 2258 minora

186 2279 295 2359 dactyli
309 2289 339 2338 et
353 2278 550 2359 amphibrachi
565 2278 753 2337 commutatio
772 2298 831 2339 non
844 2279 875 2335 in
889 2298 946 2337 una
960 2279 1092 2338 consistit
1105 2281 1238 2361 syzygia,
1256 2277 1301 2339 sed

184 2363 308 2420 duarum
331 2360 457 2420 rationes
470 2358 648 2440 rhythmicas
661 2370 765 2430 mutat,
785 2359 896 2440 probis
916 2359 992 2419 senis
1006 2361 1137 2454 quinque
1159 2375 1191 2421 et
1204 2358 1301 2421 deinde

184 2453 297 2519 septem
319 2453 451 2520 tempora
473 2441 660 2500 substituens.
700 2441 774 2499 Inde
788 2460 878 2520 quum
902 2440 997 2518 frangi
1010 2460 1158 2520 syzygias,
1182 2440 1298 2521 addique

101 2551 103 2554 ⁴
183 2523 278 2594 alteri,
293 2522 372 2600 quod
385 2523 548 2581 detractum
562 2522 598 2581 de
613 2521 701 2601 priori
715 2533 801 2596 esset,
822 2521 1042 2600 intelligeretur,
1057 2543 1167 2592 nomen
1181 2522 1249 2582 huic
1261 2519 1297 2580 rei

183 2604 332 2662 inventurn
347 2614 390 2663 est
404 2604 528 2663 alienum
543 2605 579 2662 ab
595 2603 701 2661 Ionicis
715 2622 733 2661 a
745 2606 855 2681 majore
876 2616 907 2662 et
921 2603 1104 2677 choriambis,
1119 2605 1177 2665 etsi
1190 2622 1298 2684 permu-

184 2686 324 2744 tationem
338 2685 462 2744 duorum
476 2685 584 2764 pedum
598 2685 730 2744 eamdem
751 2684 965 2744 exhibentibus.
1007 2685 1048 2743 Et
1062 2684 1141 2745 banc
1156 2685 1207 2758 illi,
1220 2695 1252 2744 ut
1264 2701 1296 2743 ex

182 2767 282 2825 Mario
307 2767 459 2825 Victorino
474 2786 502 2844 p.
518 2771 606 2828 2540.
630 2785 690 2844 seq.
705 2765 851 2836 discimus,
866 2765 1059 2845 rhythmicam
1083 2769 1228 2826 rationem
1240 2782 1295 2825 esse

183 2848 331 2917 dicebant,
346 2858 378 2905 ut
402 2867 460 2925 qua
482 2858 646 2923 temporum
668 2848 868 2926 proportiones
893 2858 1095 2917 mutarentur;
1127 2847 1295 2908 Heliodorus

69 2986 76 2993 ,
181 2940 280 2986 autem
294 2939 324 2985 et
338 2929 425 2997 Juba‚
440 2938 473 2984 ut
493 2927 570 2985 idem
585 2927 752 2986 Victorinus
774 2939 907 3001 testatur,
922 2928 984 2987 sine
997 2928 1127 3006 rhythmi
1142 2929 1212 2988 vitio
1226 2945 1295 2986 com·

49 3012 55 3019 '
181 3007 372 3066 mutationem
392 3008 475 3065 istam
490 3006 612 3066 metrica
632 3008 756 3085 quadam
770 3009 884 3068 ratione
897 3009 1066 3087 contingere
1088 3009 1293 3079 existimabant,

181 3091 317 3152 ἐπιπλοκὴν
331 3088 369 3147 ad
382 3106 445 3146 eam
455 3106 516 3146 rem
530 3087 711 3162 adhibentes,
725 3109 782 3168 quo
791 3090 926 3148 videntur·
939 3089 996 3149 hoc
1010 3091 1039 3148 in
1049 3102 1151 3149 mente
1160 3089 1292 3158 habuisse,

180 3188 241 3229 non
255 3169 351 3242 aliam,
365 3171 417 3229 sed
437 3168 569 3228 eamdem
583 3188 645 3228 esse
659 3170 735 3230 hanc
754 3171 1007 3249 permutationem,
1022 3186 1088 3250 quae
1103 3171 1291 3231 lonicorums

179 3253 299 3330 majore,
315 3261 344 3310 et
356 3250 598 3324 choriamborum,
613 3261 654 3325 et,
668 3271 740 3330 quos
754 3253 808 3331 ipsi
817 3272 883 3311 cum
894 3253 1006 3312 caeteris
1019 3253 1168 3313 veteribus
1181 3252 1289 3320 addunt.

180 3333 403 3412 antispastorum
424 3333 585 3391 communis
605 3343 691 3392 esset.
733 3333 800 3400 Sed,
816 3335 840 3392 si
853 3353 921 3392 vera
941 3345 1018 3404 sunt,
1034 3352 1101 3412 quae
1113 3334 1215 3413 paullo
1231 3341 1290 3391 sate

179 3416 217 3474 de
232 3427 336 3474 natura
348 3413 460 3473 numeri
474 3413 567 3473 Ionici
581 3433 598 3472 a
611 3414 723 3473 minore
743 3415 878 3487 diximus,
893 3434 989 3494 neque
1010 3434 1109 3475 carere
1124 3415 1220 3494 aliqua
1232 3428 1288 3471 aus·

179 3496 249 3557 clasi
263 3496 431 3574 poterimus,
446 3495 571 3573 quando,
587 3515 672 3572 quern
686 3495 717 3552 in
731 3495 776 3556 his
795 3497 922 3554 numeris
931 3495 1176 3574 'amphibrachum
1189 3490 1286 3553 inveni·
1321 3528 1324 3533 -

180 3598 253 3647 mus,
269 3597 329 3635 non
343 3588 439 3655 potest
453 3595 491 3634 ex
512 3577 629 3655 dactylo
643 3577 776 3648 derivari,
797 3587 831 3636 ut
844 3578 874 3634 in
888 3577 1071 3648 choriambis,
1086 3578 1156 3657 quia
1169 3573 1286 3654 dactylus

179 3679 218 3718 ex
232 3659 345 3716 numeri
358 3657 424 3735 lege
438 3658 467 3715 in
482 3657 588 3717 Ionicis
608 3657 760 3729 aminare,
775 3658 799 3718 si
819 3659 925 3736 singuli
938 3659 1027 3736 pedes
1040 3658 1137 3717 lonici
1150 3657 1208 3718 suis
1220 3652 1284 3716 ordi·

179 3741 264 3798 nibus
278 3738 480 3809 terminantur,
501 3739 596 3817 nullus
611 3750 673 3810 est;
696 3759 792 3819 neque
806 3760 875 3799 vero
896 3740 998 3799 eadem
1019 3739 1171 3812 anaclasis,
1185 3756 1245 3818 que
1261 3733 1285 3791 in

131 3802 144 3875 i
177 3820 285 3879 Ionicis
299 3839 317 3878 a
330 3824 449 3897 majore,
463 3819 593 3878 adhiberi
608 3821 725 3898 poterit,
739 3820 817 3900 quia,
832 3821 888 3880 etsi
900 3821 930 3878 in
944 3821 1123 3898 temporibus
1137 3820 1174 3881 fit
1184 3817 1283 3885 iisdem,

179 3913 277 3959 tamen
292 3914 424 3978 tempora
436 3899 486 3956 illa
499 3898 619 3958 aliorum
640 3913 708 3961 sunt
721 3903 865 3965 ordinum.
906 3899 1089 3980 Quamquam
1103 3902 1169 3961 lr‘aec
1182 3893 1286 3987 ipsud:

158 3982 308 4054 -versitas,
333 3993 366 4040 ut
388 3981 499 4060 opinor,
521 3981 597 4038 viam
620 3995 771 4056 monstrat,
794 4002 852 4063 qua
875 3984 984 4061 optime
1004 3984 1136 4042 bsecras
1160 3980 1286 4061 explicat!

177 4063 278 4140 possit.
318 4063 395 4121 Nam
410 4060 652 4141 quemadmodum
673 4065 702 4120 in
718 4066 824 4124 Ionicis
838 4084 856 4124 a
869 4067 978 4142 majore
992 4064 1062 4123 arsis
1076 4074 1107 4125 et
1121 4057 1287 4143 dactylruin

179 4144 253 4201 duos
274 4144 416 4202 trochaeos
438 4153 597 4213 mutantur,
619 4143 660 4202 ita
681 4144 711 4202 in
731 4146 838 4206 Ionicis
862 4147 1015 4217 aminore,
1035 4145 1087 4224 qui
1100 4161 1237 4205 numerus
1253 4134 1288 4197 illi

181 4224 330 4301 oppositus
343 4234 398 4295 est,
413 4225 482 4284 arsis
495 4235 527 4297 et
539 4235 701 4302 anapaestus
721 4239 870 4288 mutantur
883 4227 914 4285 in
933 4227 1043 4287 iambos
1056 4226 1141 4286 duos.
1185 4218 1292 4287 Etom'ss

182 4307 211 4362 in
227 4305 335 4363 Ionicis
349 4324 367 4363 a
380 4310 490 4386 majore
510 4318 625 4384 tempus
639 4327 727 4366 unum
742 4308 780 4369 de
800 4308 919 4387 dactylo
938 4307 1113 4382 detractum,
1134 4319 1168 4368 et
1181 4307 1218 4369 sd
1229 4318 1293 4386 pti·

180 4387 335 4450 cedentem
349 4389 426 4452 arsia
447 4387 606 4468 adjectum,
627 4388 707 4470 facit,
722 4403 774 4521 up,
787 4389 1030 4474 quemadmodum
1050 4409 1090 4452 ex
1103 4388 1223 4472 dactylo
1235 4385 1291 4453 istu
