2694 4866
344 256 402 317 DE
423 256 628 320 VERSIBUS
651 255 920 324 nAccfflAcls
1136 270 1190 331 lsi

85 454 99 496 )
141 451 223 513 atque
233 442 283 499 heo
295 443 366 499 haud
377 444 482 500 videtur
492 445 547 500 veri
559 444 643 500 simile
653 446 734 502 vebis.

142 525 174 567 at
214 532 231 567 o
242 515 270 569 id
280 514 373 571 faciam
386 516 423 570 ita
435 517 492 572 esse
503 528 534 571 ut
542 516 665 572 credetis:

139 601 190 654 pro
203 584 261 640 ecto
273 604 331 642 esse
341 587 389 653 ita,
406 588 436 641 et
447 587 571 658 praedice,
587 605 650 642 vera
662 587 772 644 vincam.

139 667 220 726 atque
231 656 281 712 bec
292 668 395 713 vosmet
405 659 464 729 ipsi,
481 659 545 724 scie,
561 658 672 729 proinde
683 660 723 714 uti
735 677 806 714 nunc

140 744 189 796 ego
201 726 258 783 esse
269 730 386 794 autume,
403 729 509 802 quando
521 731 594 785 diota
605 729 716 785 audietis

85 805 99 851 5
175 815 242 865 mea,
259 799 329 854 haud
341 800 417 854 eliter
427 800 455 854 id
467 801 569 856 dicetis·

139 869 295 948 auscultate,
311 872 463 941 augementa
475 872 537 925 dem
549 871 609 927 dico
621 873 656 928 nd
664 871 733 931 benc
745 890 815 929 rem:

139 939 217 992 simirl
228 942 353 1010 gnarures
364 960 411 996 vos
422 942 485 997 volo
497 941 555 997 esse
566 943 635 998 hanc
644 962 699 998 rem
711 943 823 1000 mecum.

137 1008 211 1064 aedes
223 1030 302 1082 quom
312 1012 445 1083 extemple
456 1023 518 1068 sunt
528 1012 636 1084 parete,
653 1015 788 1086 expolitae,

172 1078 259 1136 factae
271 1084 361 1154 probe,
377 1084 542 1149 examessim,
1143 1136 1151 1143 ..

85 1161 97 1203 u
109 1148 221 1233 leudem
229 1152 340 1220 fabrum,
351 1164 431 1225 atque
442 1155 505 1208 aedis
514 1156 627 1225 probant
635 1155 684 1211 sibi
693 1157 816 1228 quisque:
832 1157 895 1213 inde
904 1159 1052 1231 exemplum
1061 1155 1189 1230 expetunt

111 1223 160 1274 srbr
171 1224 282 1295 quisque
294 1225 377 1279 simile
388 1224 443 1280 suis
455 1243 503 1280 suo
516 1236 631 1297 sumptu:
652 1227 759 1298 eperum
771 1246 826 1287 non
837 1231 950 1300 paroimt
967 1248 1049 1286 suam.

135 1291 217 1364 etque
228 1296 273 1350 ubi
283 1295 331 1350 illo
341 1296 471 1366 immigrat
483 1314 500 1349 n
535 1314 594 1350 uam
606 1295 688 1352 homo
700 1297 839 1370 indiligens

137 1365 197 1419 oiim
210 1365 283 1437 pigra
293 1365 400 1432 semilis,
416 1366 516 1420 imminu
536 1385 575 1434 us,
591 1367 752 1434 instrenuus,
902 1376 905 1382 '

109 1430 154 1487 hic
161 1439 218 1508 jam
230 1437 338 1492 aedibus
349 1437 441 1493 vitium
453 1436 567 1503 edditur,
583 1439 669 1493 bonne
681 1457 761 1510 quom
773 1440 898 1497 curanter
909 1441 986 1498 male.

85 1513 99 1557 5
135 1504 216 1579 etque
224 1508 290 1563 illud
302 1508 346 1563 sae
365 1526 380 1562 e
391 1509 431 1573 iit,
442 1509 520 1579 qu6m
533 1509 674 1581 tempestes
685 1511 767 1578 venit,

133 1578 273 1650 cenfringit
284 1528 394 1650 tegulis,
410 1580 596 1650 imbricesquet
613 1581 649 1635 ibi
668 1620 675 1636 .
699 1621 730 1638 ..

134 1651 257 1705 deminus
265 1650 404 1722 indiligens
416 1650 527 1706 reddere
538 1651 602 1705 alies
614 1651 713 1709 nevolt.

134 1722 209 1777 venit
220 1721 312 1787 imber,
328 1721 392 1777 lavit
403 1721 525 1792 penates,
542 1722 589 1793 per
606 1722 685 1779 luunt

132 1794 153 1848 t'
190 1811 215 1858 s,
232 1790 452 1863 putrefacit-ier
463 1793 569 1863 operem
580 1741 655 1849 euri.

85 1876 96 1919 )
131 1811 244 1935 ιιιὲιῗιιίοι
254 1861 340 1919 fectus
347 1866 402 1935 jam
411 1893 431 1904 -
439 1864 501 1918 bsus
513 1875 554 1918 est
565 1863 679 1919 aedium.

131 1935 213 2007 etque
224 1952 257 1989 ea
267 1933 339 1989 haud
351 1935 392 1989 est
402 1932 467 1989 fabri
479 1935 566 2005 celpa,
583 1935 631 1990 sed
641 1935 803 2008 megnapars

106 2007 208 2061 merem
220 2004 291 2060 bunc
301 2004 471 2071 induxerunt,
483 2005 505 2060 si
516 2005 580 2089 quid
590 2007 698 2063 nirmmo
710 2009 799 2063 sarciri
808 2016 905 2079 potest,

108 2077 192 2166 bqqre
204 2077 267 2132 dum
278 2077 509 2203 mantquqfineque
520 2078 582 2202 ld‘d
592 2116 704 2136 .....
719 2079 856 2204 {faciunt
873 2077 998 2134 denicum

85 2228 95 2276 5
106 2159 331 2291 ilgeeeergurelleeie
342 2237 390 2290 ego
404 2159 611 2275 aeeiliiteiisaeixe:
623 2151 799 2275 th'thcdetqquq,
806 2220 868 2275 volo

133 2290 240 2356 dooere,
250 2300 282 2345 ut
297 2291 418 2346 homines
430 2290 534 2345 aedium
547 2308 605 2346 esse
616 2290 708 2346 similis
719 2291 888 2347 arbitremini.

164 2363 278 2434 primirm
290 2363 352 2416 dnm
364 2361 487 2434 parentes
498 2360 564 2417 fabri
575 2362 686 2417 Iiberrim
699 2373 770 2430 sunt,

166 2444 195 2490 et
205 2434 405 2489 iendamentum
417 2434 571 2489 substruent
581 2432 732 2501 libererum,

165 2504 307 2571 entellum,
317 2505 411 2577 parent
422 2504 515 2560 sedulo
527 2505 555 2558 in
566 2505 726 2571 firmitetem,
737 2515 766 2561 et

167 2577 237 2631 utin
249 2578 325 2632 insum
337 2578 400 2632 boni
413 2577 474 2641 sint,
485 2587 513 2631 et
524 2577 553 2629 in
565 2576 678 2648 speciem
690 2576 799 2648 pepulo,

168 2648 269 2720 sibique
280 2658 326 2703 aut
338 2647 454 2702 meteriae
466 2646 621 2717 nepercuut‚
631 2665 681 2702 nee
689 2649 809 2719 semptus

235 2720 285 2774 sibi
296 2719 411 2790 sumptui
423 2734 480 2773 esse
491 2718 609 2773 dicunt:

166 2791 312 2862 erpeliunt,
323 2790 421 2845 docent
432 2788 542 2855 littores,
553 2791 624 2861 jura,
640 2788 721 2860 leges:

86 2939 100 2985 5
133 2861 487 3000 meeeeefustueliitsileeelee
497 2931 604 2986 illerum
620 2931 710 2987 similis
728 2929 862 3003 expetant.

166 3005 200 3057 ad
211 3003 341 3075 legionem
353 3022 433 3075 quom
445 3005 508 3069 itur,

131 3074 316 3129 edminieulum
330 3075 368 3129 eis
380 3076 481 3128 danunt
493 3085 550 3128 tum
557 3075 613 3146 jam
625 3073 737 3146 eliquem
751 3073 890 3144 cognatim
904 3089 994 3133 suum:

132 3147 242 3201 eetenus
254 3147 352 3200 abeunt
362 3145 379 3199 e
390 3145 477 3199 fabris.
487 3163 568 3200 unum
584 3144 723 3199 emeritum
742 3155 783 3199 est
795 3144 969 3215 stipendium:

130 3216 208 3288 igiter
224 3228 281 3271 tum
293 3217 424 3286 specimen
437 3216 562 3280 cernitur,
573 3233 626 3287 quo
638 3215 743 3271 eveniat
753 3215 902 3271 aedifieetio.

86 3294 101 3336 ο
234 3287 296 3342 nem
307 3305 356 3358 ego
368 3288 402 3341 ad
413 3286 480 3340 illed
491 3285 558 3357 frugi
569 3304 653 3358 usque
665 3287 693 3341 et
702 3285 854 3358 probusfui,

233 3359 262 3413 iu
272 3358 404 3412 fabrorum
417 3357 550 3427 potestete
562 3357 623 3411 dum
635 3356 682 3412 ini.

162 3428 332 3500 pesteaquam
344 3428 487 3498 immigravi
498 3429 527 3481 in
538 3428 671 3510 ingenium
692 3445 790 3494 meum,

161 3499 266 3570 perdidi
276 3498 382 3568 operem
393 3499 525 3553 fabrorum
537 3498 617 3552 illico:
636 3527 653 3538 -
664 3498 762 3568 eppido

161 3571 236 3625 venit
246 3571 358 3641 ignevia:
378 3587 410 3623 ea
421 3569 486 3623 mihi
497 3569 639 3639 tempestes
650 3568 718 3627 suita

85 3639 102 3688 l5
163 3641 196 3695 ea
206 3642 243 3695 mi
254 3642 370 3697 adventii
382 3658 431 3695 suo
441 3639 603 3711 grendinem,
614 3641 722 3694 imbrem
734 3639 836 3695 ettulit:
858 3696 860 3703 .

161 3711 228 3768 haec
239 3712 424 3768 verecimdiam
436 3712 472 3766 mi
484 3710 512 3766 et
522 3711 625 3766 virtutis
637 3711 745 3766 modum

162 3781 294 3850 deturbet,
306 3784 388 3848 exuit,
934 3810 937 3816 ·

130 3850 282 3925 detexitque
293 3872 309 3907 a
321 3855 382 3908 med
393 3852 466 3907 illico
476 3872 484 3909 ι
500 3853 607 3924 postilla
619 3852 735 3922 obtigere
746 3851 884 3922 neglegens

130 3921 178 3977 fui:
197 3927 325 3980 continuo
336 3943 385 3996 pro
397 3926 480 3978 imbre
491 3939 565 3978 amor
577 3953 592 3962 -
604 3923 711 3979 advenit
723 3962 731 3978 .
743 3961 751 3977 .
762 3923 791 3976 in
803 3923 849 3977 cer
858 3938 955 3977 meum.

85 3995 102 4040 :0
129 3992 150 4048 is
161 3994 244 4066 esque
256 3996 283 4049 in
303 4008 396 4066 pectus
416 3995 587 4065 permanavit,
597 3993 785 4065 permadefecit
796 3994 842 4048 cer
859 4010 954 4047 meum.

161 4067 233 4120 nime
245 4067 323 4121 simul
335 4066 386 4134 res,
396 4066 471 4132 fides,
481 4064 559 4131 sema,
570 4066 661 4132 virtus,
672 4066 753 4120 decus

129 4134 315 4192 deseruerunt:
335 4136 385 4208 ego
397 4156 455 4192 sum
466 4137 494 4191 in
506 4154 554 4191 usu
565 4134 651 4191 fectus
663 4137 745 4191 nimio
762 4135 882 4208 nequior.
1005 4193 1008 4197 ,

129 4218 206 4278 atque
218 4208 314 4279 edepol
321 4211 377 4280 Jam
389 4208 447 4262 baec
458 4209 530 4279 tigna
541 4207 649 4261 hbmide
660 4207 756 4280 putent
768 4224 850 4261 nunc:
870 4220 924 4258 non
936 4202 1027 4260 rideer
1036 4202 1099 4257 milri

128 4279 222 4334 sarcire
233 4297 312 4351 posse
323 4281 388 4337 aedis
396 4297 478 4346 meas,
489 4279 552 4350 quin
561 4279 625 4334 tetae
636 4278 783 4351 perpetuae¹
791 4285 877 4340 ruant,
