2694 4866
401 284 460 345 DE
483 282 666 346 NATURA
688 281 870 345 NUMERI.
1177 299 1196 353 3

57 445 189 506 discreta
207 456 343 527 tempora·
360 440 546 508 mairifestum
566 457 627 525 est,¹
643 447 697 506 etsi
718 446 780 526 ipsa
798 466 858 507 non
873 444 1023 508 coherent
1042 462 1121 508 nexu
1142 450 1194 521 ali·

62 547 122 608 quo
143 527 314 603 efficientias,
336 541 434 590 tamen
454 531 577 590 formam
596 526 783 609 'speciemque
803 528 933 608 praebere
953 529 1038 590 seriei
1058 524 1194 595 mutatin-

61 625 134 668 num
151 629 205 689 per
226 606 409 672 efficientiam
433 610 659 692 producturum
680 610 698 670 i.
719 631 745 671 e.
765 629 887 690 quarum
912 631 1036 691 quaeque
1060 607 1191 675 caussam
1240 677 1243 681 ,

35 730 37 737 ·
66 690 212 776 contineat
236 693 369 773 proxime
392 693 605 773 subsequentis·
647 692 752 772 Itaque
774 692 825 751 lex
848 693 962 753 numeri
976 695 1130 773 'spectabit
1154 697 1191 757 ad

10 815 14 850 ι
68 787 188 832 santum
203 792 400 838 aarncruuru
415 793 479 835 run
495 791 652 851 samsona
669 792 1003 835 asrsmsnursunasr.

102 854 335 917 Continuitatem
358 856 412 916 niti
431 857 558 917 diximus
582 850 768 917 cohaerentia.
811 856 911 935 Spatia
929 875 999 916 vero
1018 877 1108 936 quum
1129 858 1192 952 ipsa

10 982 12 1001 ,
63 930 136 995 inter
153 956 187 996 se
206 957 266 996 non
287 936 464 1019 cobaereaut,
485 938 658 1023 eo'quldem
680 938 779 1009 modo,
801 957 862 1017 quo
883 957 962 997 nuuc
984 937 1191 1001 cohaerentram

10 1040 13 1045 ·
64 1013 195 1090 dicimus,
215 1017 313 1099 neque
332 1032 430 1099 partes
450 1021 508 1079 sint
532 1020 738 1098 contiguorum
762 1019 933 1098 spatiorum,
955 1039 1013 1079 non
1032 1019 1116 1079 aliter
1140 1041 1190 1097 cof

58 1093 201 1159 haerentia
219 1101 300 1160 cerni
317 1102 348 1160 in
365 1102 465 1182 spatiis
479 1101 597 1182 poterit,
618 1121 705 1186 quam
724 1121 760 1162 ea
781 1100 893 1160 ratione
914 1100 1066 1181 descriptis
1079 1103 1189 1181 spatiis,

59 1195 127 1255 quae
147 1181 178 1239 in
197 1182 375 1244 cohaerentia
393 1195 438 1244 est
458 1180 583 1264 partium
605 1183 815 1243 cohaerentium
829 1184 913 1243 ratio.
954 1186 1022 1250 Qua
1036 1184 1147 1244 ratione
1165 1186 1192 1245 si

57 1257 209 1343 descripta
229 1275 298 1323 sunt
310 1266 414 1344 spatia,
435 1267 489 1325 etsi
502 1265 565 1344 ipsa
578 1284 631 1345 per
650 1284 755 1325 senon
775 1265 934 1337 cohaerent,
955 1279 1053 1324 tamen
1066 1265 1191 1327 formam

51 1343 245 1424 speciemque
259 1341 444 1407 cohaerentia
457 1346 616 1407 exhibeant
630 1366 749 1407 necesse
763 1358 818 1407 est.
852 1346 941 1409 Unde
954 1347 1005 1407 lex
1016 1348 1192 1427 symmetrias

57 1426 206 1501 spectabit
219 1426 258 1486 ad
271 1446 522 1490 conanensium
538 1447 600 1488 rsa
616 1447 738 1488 sancta
754 1446 1079 1489 nnanasaurauuau.

108 1511 153 1568 11.
173 1508 279 1569 Tertio
290 1510 417 1590 denique
429 1511 480 1570 lex*
493 1510 552 1584 illa,
574 1510 654 1590 quod
666 1511 771 1570 attinet
785 1509 823 1568 ad
837 1510 990 1582 rationem,
1012 1512 1192 1590 qua-consti·

63 1585 125 1648 tuit
135 1600 224 1669 atque
245 1590 361 1651 ordinat
374 1603 507 1670 tempora
519 1591 566 1663 ¹vel
580 1590 683 1670 spatia,
705 1609 837 1651 russea
853 1592 936 1650 uobis
950 1592 987 1651 sit
1001 1611 1121 1652 necesse
1135 1606 1189 1664 est,

69 1683 151 1743 quam
163 1690 181 1730 a
195 1671 285 1751 priori
305 1673 455 1732 definitam
469 1671 633 1752 philosophi
647 1684 762 1732 vocant.
803 1674 891 1741 Quod
905 1672 929 1731 si
949 1672 1000 1732 lex
1013 1674 1137 1745 numeri,
1159 1687 1191 1734 ut
1217 1674 1220 1679 ’

72 1744 243 1826 dictumest,
265 1753 421 1814 efficientia
435 1754 548 1825 nititur,
569 1766 746 1830 nonpotest
765 1773 801 1813 ea
821 1755 878 1812 alio
891 1753 980 1813 modo
1000 1756 1120 1833 apriori
1141 1755 1192 1816 de·

76 1825 145 1892 linita
157 1853 231 1907 esse,
252 1854 340 1914 quam
359 1836 525 1914 quaomnia
538 1834 693 1894 efficientia
710 1834 830 1914 aptiori
850 1835 970 1895 definita
983 1847 1037 1905 est,
1059 1835 1078 1895 i.
1093 1856 1119 1896 e.
1140 1857 1193 1915 per

10 1928 12 1941 ¹
81 1912 212 1974 notionem
237 1934 679 1987 munumsacrcraur1m‚ac
705 1916 828 1995 proinde
850 1934 1052 1976 caussarum
1078 1935 1191 1981 nauus

10 1982 18 2075 i
82 2005 261 2057 srrscruurr
276 2015 525 2060 monuments.
566 1999 662 2064 Quam
676 1996 826 2056 notionem
852 1997 894 2056 ita
917 2001 1102 2075 conjunctam
1125 2019 1192 2058 cum

84 2071 244 2150 efficientia,
257 2080 378 2138 notione
390 2099 467 2151 esse,
488 2090 522 2138 ut
535 2078 575 2138 ab
587 2097 623 2137 ea
635 2078 737 2137 abesse
750 2089 888 2156 nequeat,
911 2098 1002 2157 quum
1016 2078 1046 2136 id
1062 2078 1193 2156 pluribus

22 2164 26 2189 ¹
85 2156 159 2218 modis
172 2159 365 2221 demonstrari
378 2161 481 2239 possit,
494 2180 531 2219 eo
545 2160 632 2219 modo
647 2159 845 2230 ostendemus,
864 2160 914 2236 qui
928 2159 1056 2217 maxime
1068 2158 1193 2239 simplex

85 2240 239 2305 namnum
254 2242 354 2321 captui
366 2241 603 2303 accommodatus
617 2240 742 2299 videtur.
783 2239 888 2299 Omnis
909 2239 1031 2299 mutatio
1053 2240 1195 2301 conflictu

85 2321 237 2395 npushabet
251 2323 354 2385 virium
364 2323 418 2383 sibi
432 2320 640 2403 oppositarum.
669 2321 820 2401 Oppositae
834 2333 934 2381 autem
942 2323 1017 2381 vires
1030 2321 1055 2380 si
1068 2322 1195 2402 aequales

28 2444 30 2453 Α
84 2413 145 2476 unt,
162 2404 255 2465 altera
267 2405 389 2469 alteram
404 2406 535 2485 reprimit
548 2403 731 2481 eteohibet:
752 2424 811 2483 quo
825 2402 870 2475 fit,
890 2414 934 2475 ut,
955 2414 1061 2463 neutra
1073 2404 1195 2464 alteram

85 2477 212 2559 rutente,
233 2487 316 2566 quies
328 2486 377 2558 sit,
397 2487 580 2566 mutatioque
596 2506 660 2546 -non
673 2485 780 2545 habeat
799 2486 908 2544 locum.
949 2486 1038 2553 Quod
1052 2498 1155 2546 contra
1170 2487 1196 2545 si
1234 2542 1237 2551 ,

85 2556 142 2625 lunt
154 2566 321 2648 inaequales,
342 2569 463 2630 alteram
480 2567 705 2642 vincere,.uinci
720 2566 841 2626 alteram
859 2562 982 2647 necesse
996 2578 1061 2630 eat:
1082 2588 1120 2627 ex
1136 2588 1197 2647 quo
1269 2601 1273 2608 ·

85 2638 110 2701 lt
119 2651 247 2709 mutatio.
282 2646 417 2711 Tantum
430 2661 529 2711 autem
541 2649 670 2711 vincum·
681 2649 783 2720 altera,
804 2659 915 2727 quanto
929 2648 1021 2708 altera
1033 2653 1127 2726 major
1139 2661 1196 2710 est.

85 2719 147 2787 llam
168 2750 223 2791 nec
245 2731 312 2811 plus
334 2744 441 2811 potest,
468 2751 525 2792 nec
548 2732 661 2793 minus-2
690 2748 814 2810 quorum
839 2729 980 2789 utrumvis
1003 2731 1066 2788 sine
1093 2747 1197 2790 caussa
1244 2778 1246 2783 Α

85 2802 161 2871 fieret.
201 2813 252 2873 Ex
274 2833 332 2892 quo
350 2813 479 2893 planum
506 2824 561 2885 est,
589 2831 720 2873 caussam
744 2811 940 2890 effectumque
967 2810 1092 2890 aequales
1121 2831 1196 2884 esse,

10 2935 21 2962 ¹.
86 2892 304 2973 contrariumque
320 2914 358 2954 ne
377 2894 500 2974 'cogitari
520 2894 639 2974 quidem
656 2914 750 2974 posse.
791 2893 880 2960 Quod
902 2892 927 2951 si
951 2892 1067 2972 quando
1092 2892 1198 2952 effecta

86 2973 176 3033 amis
193 2974 240 3035 rel
259 2977 370 3055 majora
381 2975 429 3036 vel
448 2976 560 3035 minora
575 2976 721 3048 uidentur,
742 2994 829 3034 nenio
848 2994 908 3034 non
921 2975 1000 3034 videt
1020 2975 1052 3034 id
1071 2994 1107 3034 eo
1122 2975 1196 3049 lieri,

20 3098 26 3108 .
85 3053 150 3126 quod
160 3055 249 3116 modo
265 3057 379 3117 diversa
391 3077 488 3118 rerum
502 3075 612 3137 genera
621 3061 730 3138 justam
751 3057 997 3135 comparationem
1012 3075 1069 3114 non
1091 3056 1197 3115 admit·

10 3203 11 3211 χ
26 3128 31 3141 ’
85 3136 145 3204 tuot
164 3137 254 3198 modo
267 3138 314 3198 vel
327 3139 510 3201 incrementa
521 3139 637 3211 virium,
658 3139 763 3218 quibus
777 3137 847 3217 quid
862 3137 998 3198 effectum
1013 3150 1067 3210 est,
1083 3137 1128 3197 vel
1142 3138 1195 3195 im.

83 3214 234 3287 Ptdlmeuta
245 3238 301 3280 nos
312 3221 414 3281 latent.
449 3222 538 3283 Unde
550 3220 666 3280 miratio
680 3220 878 3298 consequitur,
886 3221 969 3280 testis
983 3230 1016 3278 ut
1026 3219 1198 3298 ignorantiae

84 3307 183 3372 nosue,
197 3302 240 3361 ita
252 3301 341 3365 etiam
354 3302 545 3378 necessitatis,
566 3322 625 3382 qua
638 3300 742 3362 effecta
756 3302 929 3380 requirimus
943 3302 1051 3361 caussis
1065 3301 1197 3380 aequalia.

10 3446 17 3466 ³
85 3372 250 3442 confirmant
269 3382 328 3443 hoc
345 3404 388 3444 eta
407 3405 464 3458 res,
484 3386 515 3444 in
535 3385 641 3464 quibus
658 3384 804 3464 simplices
825 3385 969 3462 unitasque
990 3385 1104 3460 generis
1122 3385 1196 3441 vires

10 3475 20 3519 '.
84 3461 287 3524 desiderande
300 3466 432 3541 veniunt,
452 3477 485 3526 ut
498 3467 529 3525 in
542 3466 739 3548 ponderandis
758 3465 944 3524 movendisve
959 3465 1145 3542 corporibus:
1165 3463 1195 3521 ln

83 3553 130 3614 ‘lto
147 3564 256 3623 genere
274 3548 411 3626 quoniam
427 3561 534 3628 aperta
553 3560 622 3609 sunt
640 3547 739 3607 omnia
757 3546 861 3604 virium
881 3556 1038 3615 momenta,
1060 3544 1123 3603 fieri
1136 3544 1197 3602 non'

82 3632 172 3708 potest,
193 3638 230 3687 ut
240 3627 322 3688 fallat
334 3629 391 3689 ista
400 3629 573 3710 aequalitatis
587 3630 637 3689 lex
650 3641 681 3690 et
691 3629 858 3689 necessitas.
900 3628 936 3684 Id
950 3644 1019 3693 vero
1030 3627 1060 3681 in
1074 3643 1198 3684 numero

16 3754 22 3764 .
81 3707 113 3760 ¹1⁸
129 3725 192 3768 esse
215 3703 410 3790 tanto-magis
430 3712 626 3772 necessarium
651 3723 705 3784 est,
727 3709 807 3788 quod
825 3709 875 3766 ille
897 3706 968 3765 nihil
986 3706 1041 3764 nisi
1063 3706 1198 3765 universe

10 3835 22 3875 Ι.
80 3787 194 3859 t[taciem
217 3790 341 3853 exhibet
367 3792 539 3866 efficientiae,
564 3812 687 3872 eamque
715 3810 774 3850 uno
801 3790 832 3848 in
858 3809 977 3868 genere,
1006 3789 1197 3866 temporibus,

79 3878 242 3945 expressam.
284 3875 388 3952 Itaque
407 3873 473 3934 haec
484 3887 617 3956 tempora
636 3892 727 3954 quum
744 3891 911 3932 caussarum
930 3883 1021 3950 atque
1040 3864 1198 3930 effectuum

78 3940 223 4027 imarginem
243 3952 360 4015 referre
374 3956 592 4028 debcant‚··-non
607 3965 729 4036 possunt
749 3955 815 4027 ntia,
837 3972 925 4032 quam
946 3951 1118 4030 aequalitatis
1132 3948 1199 4030 lege

10 4018 23 4054 l
77 4023 264 4096 determinari.
292 4037 342 4097 Ex
355 4056 416 4116 quo
428 4040 626 4120 consequitur,
641 4039 738 4116 legem
755 4034 879 4108 numeri,
894 4045 1037 4114 quatenus
1050 4053 1086 4093 ea
1100 4035 1200 4103 innata

10 4100 21 4188 l
75 4110 151 4173 uobis
170 4127 226 4190 est,
247 4118 354 4197 versari
373 4119 405 4179 in
426 4118 640 4182 arrrcniurrs
657 4138 718 4180 aaa
739 4135 926 4179 cumeorum
945 4128 1199 4179 mensurarum

10 4192 19 4219 ·“
75 4204 386 4271 marmusrestruunt.¹
517 4252 520 4257 .

108 4274 224 4338 Eodem
238 4281 330 4343 mo'do
340 4284 517 4363 symmetria
530 4286 581 4344 lex
593 4285 628 4358 si,
643 4284 690 4343 uti.
701 4283 813 4342 dictum
827 4292 882 4355 est,
897 4278 1075 4340 coherentia
1088 4279 1201 4348 nititur,

10 4348 15 4388 ³
73 4359 189 4440 aptiori
200 4381 262 4427 uon
275 4375 375 4446 potest
388 4365 474 4428 aliter
481 4366 607 4429 definita
620 4386 695 4440 essa,
716 4375 803 4445 quam
817 4382 949 4444 peream
963 4361 1124 4438 notionem,
1144 4376 1204 4440 qua
