2694 4866
402 253 460 316 na
481 247 688 315 vaasraus
708 248 971 333 mucosus·
1151 256 1231 315 sss

107 426 188 489 Nam
203 423 312 505 duplex
325 423 356 484 iu
369 423 535 504 hujusmodi
559 423 631 483 locis
653 420 784 482 adhiberi
806 417 954 479 distinctio
976 427 1082 497 potest,
1107 435 1228 497 quarum

106 518 214 571 neutra
227 506 325 579 habet,
340 506 419 589 quod
432 505 632 585 improbetur:
652 512 686 565 ut
699 502 730 563 in
741 501 857 563 Helena
869 521 888 560 v
914 502 1002 567 1817.

188 642 253 724 iguis
265 637 444 721 ὼοπὶςομῦι
458 641 529 718 asihp
588 652 591 661 '

266 720 426 804 mingffll
445 722 530 787 iuliis*
627 724 630 731 ¹

105 863 150 927 et,

189 989 254 1070 iptio
267 990 327 1048 mi
339 986 446 1071 ,gradis
460 989 510 1048 rui·

187 1085 224 1147 is
237 1068 397 1151 pineta·
411 1070 496 1136 bib·
608 1152 613 1159 ,

104 1180 164 1243 Vel
178 1183 209 1241 in
225 1183 295 1247 OEd.
311 1183 377 1243 Col.
390 1187 459 1249 672.

187 1302 335 1380 θαμιζουσι
347 1298 456 1379 μάλιστ’
471 1297 549 1365 cisiis
610 1318 615 1331 ⁸

187 1388 303 1464 χλομῖς
319 1388 374 1445 ,bxi
387 1380 508 1451 βάσσαις,

105 1512 160 1593 qui
182 1513 266 1572 locus
289 1533 349 1573 non
371 1513 466 1573 minus
489 1514 609 1573 alteram
634 1511 858 1593 descriptionem
882 1510 996 1592 recipit.
1037 1510 1144 1590 Neque
1166 1529 1235 1572 vero

106 1593 238 1673 objicere
251 1594 332 1667 licet,
356 1595 451 1676 aptius
465 1614 567 1671 vocem
591 1613 661 1659 cum
681 1595 748 1673 ipso
769 1613 855 1654 versu
878 1592 1037 1665 terminari,
1064 1612 1152 1673 quum
1176 1612 1236 1652 non

106 1674 201 1733 modo
215 1675 359 1735 interdum
373 1695 412 1735 ex
425 1675 481 1735 hac
495 1674 596 1755 regula
608 1675 747 1753 strophici
760 1693 861 1735 versus
868 1673 1236 1755 alteramdescriptionem,

107 1756 234 1815 alteram
248 1757 447 1835 antistrophici
467 1757 638 1836 postulaturi
663 1767 769 1828 essent,
795 1755 848 1814 sed
869 1754 988 1813 omnino
1013 1756 1166 1814 verborum
1180 1755 1239 1814 dis-

108 1836 271 1897 tractiones
284 1839 314 1896 in
328 1837 488 1919 Glycoueis
498 1838 627 1897 semibus
640 1836 834 1897 usitatissima
846 1835 913 1894 sint.
955 1833 1043 1895 Unde
1053 1836 1095 1895 sic
1109 1846 1238 1894 statuen-

109 1917 184 1976 dum
198 1918 322 1990 videtur,
343 1921 397 1978 nisi
411 1918 517 1992 hiatus,
538 1929 589 1978 aut
610 1929 710 1997 aperta
732 1917 828 1996 aliqua
851 1935 950 1995 pausa,
973 1925 1026 1974 aut
1037 1935 1139 1977 sensus
1152 1927 1182 1975 et
1197 1917 1240 1976 vis

108 1999 268 2059 verborum
283 2001 387 2070 obstet,
409 2019 473 2080 eam
493 1999 708 2067 distinctionem
728 1997 937 2079 praeferendam
951 2016 1105 2076 esse„quae
1118 1998 1240 2059 usitatos
1313 2030 1316 2039 ·

107 2080 281 2160 Glyconeos
294 2093 324 2141 et
339 2082 548 2142 Pherecrateos
560 2082 702 2160 probeat,

155 2164 206 2225 st.
228 2162 332 2222 Altera
350 2164 438 2243 hujus
457 2163 542 2222 metri
562 2163 656 2221 forma
674 2161 833 2220 trochoeum
848 2168 916 2217 anta
930 2157 1130 2227 choriambum
1141 2159 1240 2221 habat.

112 2242 162 2302 Ea
174 2241 291 2302 videtur
304 2243 392 2323 priori
405 2242 581 2324 respondere
595 2244 626 2300 in
640 2241 807 2302 Heraclidis
820 2260 849 2299 v.
863 2241 933 2303 770.
946 2241 1017 2304 777.

195 2376 260 2435 sihh'
272 2375 294 2435 ὖ
307 2377 404 2451 winter,
419 2384 459 2437 cit
473 2380 526 2461 γὶς
540 2375 625 2443 οὖδας.

195 2458 260 2520 ἄλλ’
273 2458 328 2519 iaea'
337 2486 375 2521 σοι
387 2458 530 2525 rabidam
544 2463 602 2525 stiti-

113 2587 164 2647 Ita
179 2587 285 2662 Aldus,
298 2588 473 2669 defendique
483 2578 567 2668 posse
580 2588 657 2648 hanc
667 2588 823 2649 lectionem
834 2597 916 2667 puto.
957 2586 1137 2654 Novissimus
1147 2587 1242 2648 editor
1291 2590 1298 2603 “

113 2668 181 2729 ἀλλ’
193 2671 238 2730 ἐπί
249 2697 285 2729 σοι
298 2671 444 2738 condimur
458 2673 530 2731 bod
544 2669 632 2728 dedit.
676 2668 781 2729 Similis
795 2688 904 2740 versus,
917 2668 970 2727 sed
982 2688 1036 2748 pro
1055 2670 1119 2737 basi
1138 2670 1240 2750 dacty-

115 2749 190 2824 lum,
204 2769 330 2830 eumque
341 2752 472 2843 solutum
485 2751 607 2823 habens,
617 2750 647 2808 in
662 2749 786 2816 Bacchis
799 2760 845 2809 est
859 2752 928 2814 874.
944 2753 1014 2812 aas

199 2884 367 2965 ntaepsaiptso
380 2886 404 2946 τ’
417 2886 437 2946 ir
450 2884 535 2968 ignca
550 2885 627 2952 ἴλαις.

200 2964 309 3043 νόμιμον,
323 2971 361 3033 aial,
375 2966 447 3040 cim
460 2973 488 3027 ri
502 2967 626 3041 πεφυκᾶς.

121 3093 185 3152 Nisi
198 3095 237 3153 ab
250 3090 456 3176 amphibracho
470 3098 599 3179 incipere
612 3088 662 3159 hic
672 3117 771 3159 versus
786 3100 948 3160 censendus
962 3111 1016 3165 est.

160 3179 211 3236 38.
236 3176 334 3238 Simile
348 3198 441 3259 genus
451 3191 504 3250 est,
516 3180 595 3260 quod
607 3180 685 3240 hano
698 3180 822 3240 formam
835 3180 943 3243 habet:

202 3289 352 3358 Luc-
359 3328 566 3359 -----

126 3418 284 3501 Sophocles
298 3424 369 3484 OEd.
384 3425 448 3486 Col.
464 3431 532 3488 119.
548 3431 615 3489 151.

202 3537 314 3607 inarimos
328 3543 413 3608 coitis
428 3546 439 3601 i
454 3543 561 3603 asinus.

200 3615 273 3687 ἦσθα
286 3624 432 3701 parcituros
445 3621 560 3684 bordas.

130 3736 280 3799 129.161.
341 3754 344 3759 ’

203 3857 249 3912 ul
263 3855 482 3934 aeagaepcstdo'pctrb'
495 3854 627 3938 bligerus.

204 3935 248 4010 τξῖ,
263 3933 309 4006 ξένε
322 3936 452 4017 usipcpup',
469 3934 496 3998 ui
510 3938 633 4015 φῦλαξαι.
729 4002 731 4009 ,

124 4044 197 4188 8ligoli
209 4065 278 4107 vero
293 4048 452 4129 Glycoueis
465 4060 517 4111 aut
538 4052 734 4116 consimilibus
755 4054 885 4118 versibus
904 4057 981 4119 hanc
1000 4058 1123 4119 formam
1142 4074 1248 4119 accen-

157 4146 200 4203 re,
369 4150 372 4155 ·

209 4278 599 4317 -UU-r—-U—r-
