2694 4866
414 274 473 337 DE
494 271 701 336 VERSIBUS
723 270 928 337 camitem.
1182 280 1234 336 131

252 483 283 538 th
294 479 360 537 mihi
371 477 465 546 sticte,
476 490 506 536 tu
519 480 678 546 cinnamum,
688 477 719 535 tir
730 496 800 545 rosa,

251 556 282 608 tir
294 552 452 618 crocum,ti1
464 550 568 606 mihies
583 550 660 616 cisia,
672 560 701 605 tu
712 550 847 605 bdellium.

182 641 243 680 nam
254 623 299 679 ubi
311 624 341 679 td
352 620 476 696 profusus
487 621 524 687 os,
534 621 570 676 ibi
582 637 625 676 me
641 619 767 691 pirrelim
779 619 917 692 sepultam.

115 726 210 810 Vulgo
233 732 264 790 in
287 742 432 810 postremo
453 749 548 800 versu,
576 749 641 787 nam
661 727 710 787 obi
726 737 759 786 tu
770 730 915 810 proficuus,
936 726 977 787 ibi
998 748 1049 809 ego
1062 745 1113 787 mc.
1155 725 1230 787 cod.

111 811 188 891 Lips.
208 833 274 872 nam
283 811 331 872 ubi
338 811 471 892 prrfitsut
484 820 527 884 tu,
540 808 580 870 ibi
589 830 641 869 me.
681 809 717 868 ln
730 808 822 869 altero
835 809 902 869 loco
915 809 978 871 ltaec
991 809 1080 868 verba
1092 808 1121 866 in
1136 826 1228 867 unum

110 910 224 953 versum
239 892 457 971 conjungenda:

178 1008 235 1065 sitit
256 1007 323 1063 haec
335 1025 409 1063 auus.
427 1005 584 1079 quantillum
596 1003 676 1062 sitit?
692 1005 798 1063 modica
809 1005 859 1063 est:
875 1006 945 1078 capit
956 1005 1119 1080 quadtiutal.
1147 984 1151 989 “
1228 976 1231 987 ¹

106 1111 243 1173 Tertium
256 1111 432 1191 exemplum,
447 1109 526 1189 quod
539 1120 582 1170 est
597 1110 627 1169 in
640 1109 871 1190 Menoechmisl.
884 1114 915 1184 2,
931 1108 1155 1191 10.,non.magis
1167 1108 1230 1175 huc

108 1193 248 1273 partinet.
290 1192 345 1252 Est
357 1191 382 1252 is
394 1210 495 1252 versus
508 1191 673 1251 trochaicus
693 1191 875 1253 octonarius:

175 1308 287 1364 nimium
298 1326 347 1380 ego
358 1317 387 1365 te
396 1308 476 1364 habui
488 1307 639 1366 delicatam:
660 1309 732 1365 nunc
742 1308 820 1374 adam
831 1318 862 1367 ut
872 1307 1000 1375 moturus,
1011 1307 1104 1366 dicam.

107 1412 239 1476 Nimium
258 1411 308 1470 hic
329 1411 444 1472 duabus
461 1409 578 1490 syllabis
597 1411 858 1491 pronunciandum,
879 1408 933 1470 uisi
956 1411 1053 1490 placat
1075 1420 1104 1470 ta
1126 1410 1227 1473 dolari·
1325 1448 1328 1455 ·

107 1494 175 1573 Ipse
185 1492 312 1571 denique
321 1491 454 1555 Terentii,
464 1491 547 1556 locus
561 1502 675 1552 tantum
688 1493 780 1566 abest,
794 1502 828 1552 ut
842 1491 1000 1551 clausulam
1014 1492 1098 1551 istam
1110 1491 1227 1564 habeat,
1319 1546 1322 1551 .

128 1584 142 1633 t
162 1573 210 1633 isti
223 1592 262 1633 uc
275 1591 338 1632 esse
352 1572 469 1651 quidem
494 1572 604 1633 Cretici
617 1572 780 1633 videantur.
808 1572 896 1641 Nam,
909 1573 933 1631 si
947 1572 1017 1650 quid
1030 1592 1085 1650 ego
1099 1573 1195 1644 video,
1209 1592 1228 1638 a

105 1593 233 1715 dreticis
254 1653 292 1712 ad
315 1651 396 1725 alios,
422 1653 602 1713 Bacchiacos
624 1653 805 1734 potissimum
827 1672 974 1725 numeros,
999 1653 1112 1714 transiit
1131 1660 1227 1733 podta,

106 1747 138 1795 et
161 1734 307 1815 aptissime
333 1733 467 1812 quidem..
511 1736 612 1828 Atque
635 1734 677 1793 ita
699 1734 839 1794 librorum
861 1732 1010 1802 lectiones,
1033 1753 1104 1813 quas
1122 1753 1230 1815 magna

106 1834 174 1876 cum
188 1815 310 1875 audacia
322 1814 443 1874 mutavit
457 1814 616 1885 Bentlerus,
630 1815 737 1875 servari
747 1816 855 1896 ubique
867 1824 1025 1894 poterunt:

177 1932 216 1989 ibi
227 1942 284 1988 tum
297 1949 389 1992 eorum
400 1931 626 2004 impudentissima
637 1931 722 1991 orsitio
733 1943 787 1995 est.=

315 2004 374 2074 quis
384 2015 415 2058 tu
426 2001 474 2059 cs?
489 2003 545 2076 quis
554 2003 619 2058 mihi
630 2021 666 2060 es.

316 2075 364 2129 chr
375 2091 459 2128 meam
471 2071 542 2131 tibi?
560 2073 634 2139 heus,

203 2145 207 2157 '
246 2144 391 2216 proxumus
402 2162 458 2199 sum
471 2145 575 2216 mmet
593 2145 672 2204 mihi
737 2152 741 2159 '

176 2213 304 2281 maran,
315 2215 360 2270 ubi
371 2213 445 2280 fidis,
465 2214 585 2287 drogia,
602 2232 656 2270 non
673 2214 775 2286 pudent
786 2214 838 2283 hic,

173 2287 222 2343 ubi
232 2287 326 2358 opust:
346 2284 400 2341 illic
412 2285 458 2340 toi
469 2284 507 2340 nil
518 2287 607 2369 opust,
622 2285 659 2341 ibi
670 2285 804 2342 verentur.

107 2388 272 2461 Secundus,
285 2387 398 2460 tertius,
413 2398 533 2467 quartus
554 2389 660 2448 horum
682 2390 819 2448 versuum
841 2388 983 2450 trochaici
1004 2401 1088 2461 sunt;
1108 2391 1158 2472 qui
1179 2391 1227 2454 ue·¹
1303 2392 1307 2399 ’

106 2466 356 2553 maturantem,
370 2467 536 2532 Bacchiaci.
581 2469 756 2548 Perclegans
775 2468 864 2530 lectio
885 2482 930 2530 est
950 2470 1058 2532 codicis
1078 2473 1160 2553 Lips.
1179 2474 1227 2536 iic

103 2561 196 2635 opust,
209 2569 298 2691 qul?
306 2550 331 2610 si
338 2549 454 2630 probas,
467 2548 642 2631 interpungo
654 2560 722 2633 post
735 2550 868 2633 pudent:
886 2569 975 2633 supra
987 2563 1085 2614 tamen
1097 2554 1226 2637 adscrip-

107 2644 258 2695 commta
288 2675 297 2693 .
417 2642 423 2648 '
919 2686 921 2691 .
1304 2641 1308 2646 “

146 2719 196 2776 20.
218 2712 249 2774 si
262 2711 371 2792 aliquas
383 2713 493 2781 liabent
507 2713 648 2774 clausulas
663 2713 783 2785 Cretici,
803 2713 916 2775 facilius
929 2714 1093 2789 adducaris,
1114 2726 1147 2775 ut
1159 2735 1231 2775 vera

107 2812 171 2857 tum
183 2794 461 2874 hypercatalectum‚
475 2807 689 2855 monometrum
702 2794 749 2854 vel
763 2793 928 2866 dimetrum,
943 2796 970 2855 ei
985 2796 1050 2855 usui
1063 2796 1226 2859 inserviisse

109 2886 227 2937 stamas.
267 2875 429 2934 Fatendum
452 2886 497 2934 est
520 2887 628 2947 tameo,
649 2874 807 2935 clausulam
830 2875 1095 2956 hypercatalectam
1121 2896 1225 2956 parum

83 3016 85 3023 ,
112 2967 204 3035 aptam
218 2952 318 3027 videri,
332 2973 421 3033 quum
434 2955 525 3014 minui
538 2956 634 3035 potius
647 2975 800 3016 numerum
820 2955 850 3014 in
863 2957 932 3028 dne,
952 2975 1039 3035 quam
1059 2958 1160 3036 augeri
1173 2957 1226 3018 de·
1273 2962 1277 2973 '

113 3032 182 3098 out
222 3035 325 3095 Nessi
340 3035 496 3115 AEschylus
518 3054 632 3096 versum
655 3036 923 3117 hypercatalectum
947 3037 977 3095 in
997 3037 1055 3097 line
1068 3038 1174 3117 posuit,
1190 3050 1226 3104 ut

114 3134 192 3197 supra
215 3115 413 3190 iudicavimus,
438 3127 592 3197 propterea
613 3116 644 3181 id
663 3112 815 3183 comoediae
834 3137 951 3198 quoque
971 3119 1224 3180 accommodatum

94 3214 100 3223 ‘
117 3198 283 3260 orabitur.
322 3199 420 3265 Quare
433 3197 481 3257 vel
493 3206 612 3277 propter
625 3196 778 3258 numerum
790 3199 836 3258 hae
849 3197 986 3269 clausulae
999 3199 1068 3257 mihi
1082 3210 1226 3279 suspectae

118 3291 190 3341 matr
208 3285 356 3358 augetque
369 3277 445 3337 hanc
464 3279 658 3357 suspicionem
677 3278 758 3348 illud,
780 3279 874 3358 quod,
885 3298 955 3357 ques
979 3279 1084 3356 reperi,
1107 3280 1138 3338 ia
1151 3280 1222 3340 locis

119 3356 198 3421 dubiis
211 3372 301 3438 atque
321 3358 462 3437 ambiguis
480 3360 676 3420 inveniuntur.
717 3359 754 3418 In
770 3359 916 3439 Amphitr.
930 3361 955 3420 1.
972 3366 999 3434 l,
1014 3366 1063 3422 81.
1311 3372 1314 3377 “

173 3476 264 3532 hostes
275 3474 360 3530 crebri
372 3475 486 3531 cadunt:
504 3473 588 3532 ndstri
599 3485 691 3531 contra
701 3475 838 3547 ingruunt:

172 3547 284 3603 vicimus
295 3546 322 3601 vi
332 3543 447 3603 teroem·

120 3640 154 3706 lbi
165 3669 238 3715 unus
251 3647 387 3711 codicum
400 3648 597 3720 Leidensium,
617 3649 722 3729 rifero
735 3648 880 3710 uincimus.
919 3647 1032 3708 ibidem
1047 3665 1073 3708 v.
1087 3652 1135 3710 89.

172 3765 275 3892 bztdtcs
286 3763 379 3836 parcnt
391 3762 448 3820 ciri:
467 3766 500 3849 ab
509 3764 619 3821 distera
629 3763 754 3819 miramo
870 3800 873 3815 .

171 3834 720 3991 imltliiillll'ltlllfilssli‘

167 3981 229 4051 jdrc
239 3981 359 4049 injustas.

115 4074 233 4144 huuc.
246 4079 306 4140 111.
319 4083 349 4151 3,
372 4080 419 4142 19.
431 4078 462 4138 in
475 4054 564 4140 scena
575 4079 705 4161 pluribus
717 4079 790 4140 locis
802 4080 950 4140 lacunosae

172 4198 231 4255 sa
245 4194 571 4270 montiacutani
584 4175 767 4273 sesannia,
780 4198 868 4273 suga
905 4196 1008 4257 sam
1022 4196 1130 4257 oestuo.

124 4286 128 4293 “
173 4268 253 4332 umis
264 4268 354 4343 inepta
366 4285 403 4327 ee.
