2694 4866
175 316 237 403 rso
539 304 620 365 nra.
641 303 701 367 111.
722 304 817 367 can
837 304 955 369 mun

175 479 300 560 phamm
326 470 522 547 multitudine,
553 483 585 533 et
614 475 766 535 modorum
786 475 926 535 varietate
954 492 1014 532 non
1033 473 1101 533 leve
1121 492 1192 536 esse
1210 486 1303 556 putan-

177 560 248 620 dum
272 566 327 614 est.

215 645 247 702 6.
278 638 405 695 Omnem
425 635 504 695 illam
523 635 666 696 rationem
690 637 966 716 antistrophicorum
992 647 1062 696 ata
1089 640 1302 717 comparatime

173 717 432 800 disponendorum,
463 737 710 798 personarumque
740 719 770 776 in
790 718 825 778 iis
844 716 1003 779 distribues
1111 762 1120 791 ,
1144 721 1240 780 tultus
1258 740 1302 782 ex·

176 801 280 881 emplis
299 799 443 858 illustrare
462 799 538 871 volo,
563 820 603 860 ex
627 801 733 879 quibus
758 801 828 861 satis
849 820 897 860 ars
916 799 965 859 illa
984 811 1016 859 et
1034 800 1203 879 diligentia,
1224 822 1301 881 quam

176 886 247 943 huic
262 881 303 941 rei
317 881 520 960 impenderunt
543 882 658 961 tragici,
683 882 806 961 intelligi
826 881 945 962 poterit.
985 880 1168 963 Perlongum
1195 903 1301 943 carmen

176 977 224 1027 est
244 965 273 1022 in
289 963 467 1042 Chuliplroris
490 963 623 1044 AEsehyli
642 983 701 1023 av.
715 967 879 1042 Sll.cujus
899 962 1032 1042 strophas
1055 983 1150 1043 quum
1175 966 1300 1024 antehos

176 1045 377 1125 duodeviginti
397 1064 488 1105 annos
512 1044 542 1102 in
566 1045 665 1106 libello
685 1045 919 1106 observationum
936 1045 1108 1104 criticarum
1128 1046 1161 1103 in
1184 1048 1299 1126 AEschy·

131 1140 134 1147 '
175 1130 238 1188 lum
267 1139 297 1187 et
327 1126 496 1205 Euripidem
517 1126 723 1199 distinxissem,
754 1127 857 1187 ordine
886 1139 983 1187 tamen
1003 1137 1036 1186 et
1055 1126 1123 1206 lege
1145 1128 1301 1208 systematis

177 1229 237 1270 non
251 1208 390 1280 indicato,
403 1208 532 1279 fuerunt,
553 1209 604 1289 qui
624 1210 807 1289 stropharum
834 1208 966 1268 ordinem
989 1207 1076 1269 nimis
1105 1211 1300 1287 perturbatum
1343 1218 1345 1267 l

176 1291 319 1362 esserati,
334 1290 403 1350 dum
418 1290 567 1349 meliorem
588 1291 659 1353 dare
673 1293 864 1364 conabantur,
888 1310 957 1351 eum
979 1296 1197 1373 perverterent.
1237 1293 1299 1352 cn·
1343 1312 1345 1373 y

175 1374 261 1433 minis
280 1371 356 1430 illius
375 1371 442 1430 hoec
462 1371 615 1451 dispositio
629 1384 688 1434 est:
1343 1386 1345 1409 ¹

296 1505 333 1565 ι’.
375 1503 506 1566 Orestes.

296 1585 333 1656 β’.
376 1585 513 1661 chenu„

296 1664 333 1727 ι’.
375 1665 504 1726 Electra

295 1747 333 1822 γ’.
375 1747 504 1807 Chorus:
525 1748 675 1828 mapoesti.

298 1828 332 1890 δ’.
372 1828 503 1889 Orestes.

298 1909 336 1982 β’.
371 1910 496 1973 Chorus.

297 1991 330 2053 ἴ.
372 1991 501 2052 Electra.

294 2070 414 2152 mlle.
455 2071 581 2133 Chorus:
603 2074 752 2153 anapaesti.

298 2154 326 2216 ι’.
373 2154 501 2214 Electra.
755 2181 766 2188 -

300 2236 334 2301 ς’.
373 2236 500 2297 Chorus.

299 2316 328 2378 ι’.
377 2316 507 2376 Orestes.

297 2397 337 2472 γ’.
377 2397 507 2458 Chorus:
526 2397 674 2481 anapaesti.

299 2479 336 2558 ζ.
377 2478 507 2540 Electra.

299 2560 334 2624 ς’.
378 2560 502 2620 Chorus.

299 2640 336 2721 ζ.
378 2641 510 2702 Orestes.

300 2805 334 2872 η’.
376 2805 506 2866 Electra.

300 2885 338 2946 θ’.
379 2886 509 2946 Orestes.

301 2966 338 3025 θ’.
379 2966 509 3024 Electra.

302 3045 334 3111 η’.
376 3045 504 3105 Electra

303 3209 330 3270 ι’.
372 3211 502 3272 Orestes.
523 3210 650 3270 Electra
672 3209 797 3275 Chorus.

304 3293 330 3350 ι’.
372 3291 503 3352 Orestes.
526 3292 653 3352 Electra.
676 3292 800 3354 Chorus.

304 3455 348 3516 ια’.
390 3455 514 3515 Chorus.

304 3536 349 3597 ια’.
392 3536 517 3596 Chorus.

186 3683 333 3746 Quattuor
362 3675 411 3735 hic
442 3685 510 3735 suut
541 3674 724 3755 stropharum
757 3684 924 3755 systemata,
954 3696 1077 3756 qnorum
1103 3679 1133 3738 in
1157 3683 1249 3762 primo
1268 3679 1301 3741 al·

182 3773 246 3820 tera
259 3778 324 3838 pars
358 3758 503 3817 inversum
523 3757 612 3817 habet
637 3775 826 3836 personarum
858 3757 985 3818 Electrae
1021 3772 1053 3819 et
1089 3762 1205 3825 Orestis
1237 3762 1302 3824 ordi·

184 3861 269 3910 nem;
299 3839 461 3900 secundum
491 3852 618 3919 systema
640 3841 695 3898 hac
718 3839 783 3917 lege
808 3840 1001 3919 compositum
1032 3852 1087 3914 est,
1110 3856 1143 3904 ut
1171 3846 1260 3926 prima
1277 3853 1300 3901 et

186 3921 287 3981 ultima
313 3921 434 4000 stropha
460 3920 497 3979 ab
525 3920 625 3981 eadem
653 3939 786 3999 persona,
814 3920 880 3979 duae
904 3921 1007 3981 mediae
1028 3914 1051 3982 a*
1072 3924 1196 3987 diversis
1210 3944 1300 3987 canan

187 4014 251 4074 tur;
280 4003 309 4060 in
334 4003 420 4063 tertio
441 4002 544 4062 eodem
570 4001 671 4086 ordine
698 4021 829 4080 personae
852 4002 906 4062 sibi
934 4004 963 4062 in
990 4005 1110 4085 stropha
1137 4006 1300 4088 atqueanti·

186 4083 305 4162 stropha
327 4085 503 4154 succedunt;
531 4093 665 4162 quartum
693 4094 788 4143 totum
814 4084 895 4144 chori
919 4095 974 4147 est.
1024 4086 1196 4149 Secundum
1217 4107 1300 4149 exem·

184 4163 264 4244 plum
286 4184 325 4223 ex
347 4169 569 4245 Agamemnone
589 4164 768 4243 depromam.
809 4166 846 4225 In
870 4185 905 4226 ea
927 4167 1026 4227 fabula
1049 4189 1077 4228 v.
1104 4173 1299 4236 1457-1ssn

186 4257 313 4326 systema
333 4249 514 4307 constituunt
535 4266 575 4306 ex
594 4246 708 4306 duobus
729 4247 893 4328 systematis
918 4251 1123 4329 compositum,
1155 4254 1235 4332 quod
1259 4269 1301 4310 ea·

52 4331 62 4343 “
189 4328 286 4408 emplo
307 4347 369 4388 esse
390 4320 498 4408 potest,
519 4338 659 4410 quantum
679 4328 753 4389 lucri
773 4328 811 4388 ad
831 4349 892 4391 rem
913 4330 1043 4392 criticam
1065 4353 1104 4393 ex
1125 4334 1171 4394 his
1191 4332 1304 4412 descrip.
