2694 4866
22 335 24 339 ι
110 297 132 355 t
521 286 602 352 LlB.
623 287 649 348 Ι.
679 287 773 349 cAP.
791 283 835 347 11.

110 451 205 514 omnis
213 428 390 517 coherentia
402 469 421 512 a
433 447 523 531 priori
536 450 657 511 delinita
669 460 724 510 eet.
746 451 791 510 Ea
804 461 849 511 est
862 459 961 510 autem
974 447 1056 508 notio
1069 465 1184 510 commu

110 551 212 596 rama
226 544 257 594 et
269 532 392 613 proinde
406 550 560 595 asumma
573 530 822 597 accumulasse.
855 531 932 592 Nam
946 529 1088 610 quidquid
1101 531 1184 591 cohae

21 692 24 697 Ι
111 635 172 676 non
185 625 284 695 potest
296 614 381 676 aliter
401 613 560 687 cohaerere,
581 633 669 693 quam
680 613 723 674 sic
744 623 778 672 ut
797 612 854 686 his,
874 632 939 691 quae
953 610 1112 691 cohaerept,
1133 613 1184 690 alic

111 715 268 757 commune
281 695 328 757 sit.
370 694 534 758 Commune
545 702 648 755 'autem
661 693 733 754 sslud
747 705 803 767 est,
823 693 904 774 quod
918 694 948 752 in
962 693 1081 754 diversis
1095 693 1173 754 idem

111 778 226 858 sibique
239 777 293 858 ipsi
306 797 366 858 par.
409 777 499 844 Quod
518 777 543 837 ei
562 777 669 856 quain
689 774 789 856 spatiis
810 773 996 847 cohaerentia,
1014 773 1143 854 ideoque
1156 785 1184 833 et

113 859 308 921 communitas
321 859 513 939 exprimenda
527 867 583 931 est,
602 878 661 918 non
676 869 773 937 potest
793 876 829 919 ea
841 857 936 930 aliter,
957 875 1045 935 quam
1058 875 1111 936 per
1124 875 1184 934 aequ

112 952 206 1003 tatem
219 941 379 1022 spatiorum
394 940 528 1034 exprimi.
568 939 658 1002 Unde
672 939 721 998 lex
735 940 919 1019 symmetriae,
940 948 1086 1017 quatenus
1098 956 1135 997 ea
1145 938 1185 995 im

112 1022 197 1084 nobis
219 1033 273 1097 est,
295 1022 495 1082 continebitur
518 1038 742 1093 commensura
766 1039 830 1081 nna
853 1036 1106 1084 menstruarum
1133 1037 1184 1078 sni

112 1120 210 1166 osum
226 1117 533 1165 sneamsnunsuns.

157 1189 205 1246 ta.
225 1187 301 1252 Quae
314 1204 404 1265 quum
415 1185 456 1245 ita
468 1185 537 1258 sint,
557 1194 689 1265 apparet,
709 1183 856 1262 quomodo
871 1181 1093 1260 intelligendum
1102 1180 1151 1252 sit,
1166 1201 1184 1259 q

112 1265 198 1328 initio
210 1264 338 1326 diximus
352 1266 417 1326 rudi
431 1266 528 1327 adhuc
542 1265 721 1336 delinitione,
742 1283 894 1325 numerum
910 1263 1044 1323 ordinata
1060 1263 1184 1322 successi

113 1360 280 1427 temporum
291 1348 450 1408 contineri·
469 1347 524 1409 Est
534 1347 611 1409 enim
620 1365 758 1406 numerus
769 1347 878 1406 imane
890 1363 1000 1406 sanius
1017 1361 1184 1404 arenosos

114 1444 278 1489 nxeauses
293 1447 357 1488 aaa
370 1441 624 1495 mustitanum
640 1445 835 1488 cannosum.
877 1427 992 1487 Eodem
1012 1422 1100 1484 modo
1121 1445 1184 1505 sym

115 1512 212 1583 triam,
233 1528 320 1589 quam
330 1507 489 1590 spatiorum
503 1509 665 1571 ordinatam
686 1509 910 1569 continuitatem
925 1528 988 1568 esse
1001 1506 1140 1578 diximus,
1162 1505 1184 1564 ir

114 1591 216 1671 ligitur
229 1590 385 1670 imaginem
399 1612 463 1653 esse
476 1602 747 1662 communicaris,
763 1609 837 1649 siva
853 1602 1184 1651 uncasssmmcouaaa

118 1691 193 1747 mm,
214 1690 407 1733 expressam
421 1691 650 1755 mensurare
661 1687 866 1732 eraclonus.

569 1845 699 1929 CAP.
727 1838 780 1920 ΙΙ.

382 2005 433 2058 nn
451 2006 547 2073 ansi,
571 2004 698 2074 ranst,
723 2005 772 2058 nr
790 1995 993 2057 suscense

161 2115 189 2174 l.
211 2112 246 2172 Su
261 2130 399 2174 numerus
409 2113 506 2194 imago
514 2126 559 2176 est
569 2115 764 2176 mutationum
775 2134 828 2197 per
836 2115 1020 2175 efficientiam
1031 2112 1184 2192 productas

118 2192 274 2256 efficientia
286 2206 387 2256 autem
400 2197 564 2258 necessario
584 2199 780 2278 aequalitatem
802 2215 969 2256 caussarum
982 2207 1070 2274 atque
1094 2193 1184 2255 effect

120 2274 423 2357 requirit=¹temporq
445 2279 554 2357 quaein
568 2279 699 2339 numeris
713 2296 880 2339 caussarum
899 2289 989 2357 atque
1009 2275 1166 2336 effectuum

80 2367 85 2377 ‘
119 2356 196 2418 ciem
210 2357 351 2430 referunt,
372 2358 495 2437 aqualia
508 2378 572 2419 esse
586 2370 714 2439 oportet,
734 2371 768 2419 ut
782 2379 841 2438 quo
854 2360 917 2418 solo
930 2358 961 2417 id
981 2358 1074 2437 ipsum
1098 2355 1184 2416 efficia

119 2448 154 2497 ut
167 2437 265 2516 imago
279 2438 453 2498 exhibeatur
466 2439 637 2500 efficientiae.
669 2441 774 2519 Itaque
787 2440 923 2519 primaria
937 2441 986 2500 lex
998 2438 1111 2498 numeri
1121 2437 1184 2495 haec

119 2528 153 2578 ut
168 2534 327 2578 caupona
349 2519 407 2579 sint
427 2536 599 2584 mansura.
645 2521 733 2601 Isque
757 2522 887 2580 omnium
911 2520 1038 2581 maxime
1062 2519 1185 2598 simplex

119 2617 268 2670 numerus,
289 2613 319 2658 et
333 2600 426 2659 omnis
439 2601 553 2661 numeri
566 2602 648 2681 quasi
667 2602 901 2675 fundamentum,
923 2604 973 2682 qui
995 2601 1158 2681 equalibus·
1177 2610 1184 2656 t

120 2679 241 2762 poribus
263 2680 407 2754 decurrit,
434 2694 468 2742 ut
489 2682 515 2742 is
531 2688 594 2757 est,
620 2703 707 2763 quem
727 2684 928 2764 perpendiculi
941 2695 1038 2743 motus
1051 2679 1184 2740 inhorol

120 2761 203 2822 facit.
221 2794 224 2800 ,
245 2761 327 2822 Huic
340 2762 371 2822 in
384 2763 478 2843 spatio
491 2764 591 2825 similis
604 2777 649 2826 eet
663 2765 821 2845 descriptio
831 2765 985 2845 aequalium
997 2766 1168 2843 spatiorum,
1182 2790 1184 2812 ι

122 2844 182 2904 lem
195 2843 314 2923 inserie
328 2845 465 2905 arborum
473 2845 716 2908 columnarumve
734 2847 875 2918 videmus,
896 2845 1060 2918 altitudine,
1080 2845 1184 2916 forma,

122 2925 250 2987 tessellis
263 2925 386 3005 parium.
783 2999 787 3005 Ι

165 3011 194 3068 2.
205 3006 277 3067 'Hic
290 3018 389 3067 autem
398 3008 751 3090 aequalibustemporibus
764 3010 925 3071 decurrens
936 3026 1076 3068 numerus
1090 3025 1184 3086 neque

123 3086 208 3158 tium,
229 3107 286 3148 nec
310 3087 399 3148 finem
422 3089 548 3163 habere,
563 3093 616 3152 sed
636 3111 702 3171 pars
716 3112 780 3153 esse
793 3092 897 3151 infiniti
910 3090 1072 3169 cujuspiam
1087 3108 1184 3147 numer

124 3167 250 3228 debitur.
291 3168 369 3230 Nam
388 3170 578 3234 anunadverti
589 3173 708 3253 quidem
721 3173 841 3253 aliquod
853 3184 968 3252 tempus
981 3171 1117 3250 primum,
1138 3170 1184 3228 alit

122 3260 309 3331 postremum·
318 3270 438 3313 necesse
452 3265 496 3314 est
506 3277 520 3316 :-
535 3255 588 3314 sed
599 3275 638 3316 ex
653 3273 690 3315 es
702 3274 734 3314 re
744 3275 804 3314 non
814 3254 945 3334 sequitur
955 3253 1107 3324 continuo,
1124 3263 1184 3309 ute

124 3329 164 3390 sit
185 3330 310 3412 primum
331 3332 377 3393 vel
397 3346 594 3414 postremumt
614 3336 683 3415 quia
702 3355 766 3396 esse
785 3337 912 3416 primum
932 3336 977 3394 vel
991 3344 1171 3413 postremum

124 3423 239 3484 tautum
250 3415 433 3494 tempusdici
447 3427 554 3494 potest,
570 3417 658 3497 quod,
681 3417 806 3478 etiamsi
820 3417 877 3478 alia
889 3413 1023 3495 tempora
1031 3415 1076 3474 vel
1090 3433 1184 3493 praece

125 3495 171 3554 vel
185 3505 355 3575 sequantur,
377 3508 476 3558 minen
489 3510 593 3578 suapte
606 3511 713 3559 natura
725 3499 840 3560 initium
853 3498 966 3558 numeri
980 3500 1025 3558 vel
1045 3497 1110 3554 finis
1131 3514 1184 3554 esst

123 3576 284 3656 telligatur.
306 3576 422 3638 Eodem
435 3579 523 3639 modo
538 3579 617 3660 quod
631 3580 661 3640 in
674 3580 769 3661 spatio
782 3581 949 3660 exemplum
963 3579 1184 3658 posuimus‘arb‹

124 3657 173 3717 rel
193 3658 407 3733 columnarum,
426 3660 468 3722 ita
488 3673 533 3724 eet
547 3673 759 3742 comparatum,
780 3674 824 3736 ut,
845 3662 901 3722 etsi
924 3662 1021 3740 aliqua
1040 3659 1127 3718 arbor
1147 3678 1183 3718 ve

124 3737 226 3800 lumna
237 3740 342 3820 prima,
363 3742 461 3822 aliqua
473 3756 608 3806 extrema
620 3744 669 3819 sit,
691 3756 788 3807 manen
803 3763 899 3823 neque
912 3743 977 3802 haec
991 3761 1044 3821 pro
1055 3741 1147 3808 initio,
1163 3760 1182 3796 n

125 3817 177 3880 illa
186 3840 239 3901 pro
252 3821 312 3882 fine
325 3822 425 3883 haberi
438 3836 536 3903 queat,
551 3827 620 3906 quia
629 3838 735 3888 neutra
747 3846 800 3906 per
813 3845 845 3886 se
859 3823 925 3884 talis
939 3835 992 3894 est,
1015 3822 1121 3883 sedvel
1136 3833 1185 3880 utr

128 3900 227 3973 demi,
239 3903 286 3964 vel
300 3903 370 3964 addi
389 3905 506 3984 utrique
519 3907 584 3967 aliae
597 3920 727 3987 possunt.

171 3988 202 4045 8.
221 3984 311 4049 Quod
324 3984 349 4045 si
362 3985 414 4065 qui
426 3997 496 4048 runt
508 3989 632 4060 numeri,
654 3989 704 4070 qui
717 3982 831 4050 initium
843 3987 990 4068 finemque
1003 3986 1141 4055 habeant,
1163 4004 1182 4063 q

129 4080 269 4123 nummos
281 4065 404 4126 inveniri
417 4067 709 4147 experientia-docet,
730 4069 761 4129 in
774 4070 843 4149 ipsis
856 4070 965 4150 aliquid
978 4087 1042 4130 esse
1062 4067 1161 4138 debet,
1183 4100 1184 4111 ι

129 4143 247 4239 initium
260 4147 523 4231 eorumfinemque
536 4150 726 4213 demonstrat.
769 4151 940 4232 Pariterque
952 4151 983 4210 in
996 4150 1081 4230 spatii
1092 4147 1184 4208 deseri

130 4226 228 4298 ¹¹¹b1¹⁸2
247 4237 283 4287 ut
295 4226 440 4308 integram
453 4250 518 4293 esse
530 4233 657 4313 aliquam
676 4231 901 4311 descriptionem
920 4243 1069 4312 appareat,
1091 4231 1120 4288 in
1136 4230 1184 4307 ips:

153 4305 204 4367 uid
216 4308 340 4370 inveniri
352 4331 473 4377 necesse
486 4323 541 4390 est,
562 4334 621 4394 quo
636 4316 696 4388 fiat,
718 4325 752 4374 ut
772 4332 828 4374 nec
851 4314 954 4374 deesse
974 4313 1143 4395 quidquam,
1168 4330 1184 4368 n

170 4389 282 4453 undare
295 4409 517 4483 cognoscamus.
533 4444 536 4449 ·
557 4397 653 4478 Atqui
666 4396 828 4460 efficientiae
841 4395 906 4457 hec
918 4407 965 4458 est
985 4407 1100 4468 natura,
1121 4405 1164 4463 ut,
