2694 4866
111 282 172 343 sea
297 276 378 339 mn.
398 274 456 335 nr.
477 254 570 336 'osa
590 276 614 337 1.
635 274 694 335 ns
710 272 963 351 caueamus,
975 280 1032 339 se.

85 450 89 455 '
111 448 153 507 ris
165 446 195 505 in
209 464 298 504 unum
314 445 440 504 confusis
455 456 600 515 constant;
622 463 832 515 consosrros,
846 444 876 504 in
890 446 995 526 qulbus
1009 445 1110 525 plures
1123 447 1223 509 numeri

110 529 153 588 ita
166 537 235 587 sunt
249 527 386 605 copulati,
401 539 433 586 ut
448 526 521 586 alter
535 540 672 605 sequatur
685 527 816 585 alterum.

153 616 182 669 3.
204 610 332 679 Mumro
348 608 456 687 duplex
472 619 526 668 est.
570 610 644 666 liam
659 620 709 667 aut
724 608 752 664 in
767 628 802 667 eo
817 607 911 685 posita
923 619 977 679 est,
993 620 1026 667 ut
1037 608 1099 668 duo
1114 610 1157 669 rel
1170 608 1221 688 plu·
1253 648 1255 653 -

111 710 158 750 res
173 692 284 748 numeri
298 688 376 749 vices
390 710 455 749 suas
468 700 649 768 permutante
670 710 742 768 quos
756 702 888 767 apertum
903 702 1019 749 estnon
1033 690 1221 769 possesimpli·

112 791 162 831 ces
189 772 296 841 vocari,
325 772 392 850 quia
418 772 539 849 quisquc
563 770 680 829 alterius
708 771 800 829 vicem
827 771 914 842 subit,
943 790 999 829 nec
1026 772 1107 830 solus
1127 791 1177 850 per
1195 789 1220 830 se

112 852 336 930 descriptionem
351 864 540 929 naturamque
555 852 666 910 numeri
681 857 752 930 ejus,
768 853 795 909 in
811 872 868 929 quo
882 851 935 930 ipsi
956 853 1133 932 quandoque
1151 853 1219 911 locus

112 953 268 993 concessus
289 944 342 1003 est,
358 934 499 992 continet.
541 932 582 989 l·li
603 943 671 991 sunt
692 951 1012 1006 rosuscnauarrsrr,
1033 954 1157 1012 quorum
1175 935 1219 991 boc

110 1016 260 1095 proprium
274 1027 327 1082 est,
343 1016 422 1093 quod
436 1035 473 1073 ex
488 1014 601 1072 duobus
615 1012 658 1073 vel
682 1014 812 1091 pluribus
830 1016 967 1086 numeris,
986 1016 1038 1073 sed
1060 1035 1119 1073 non
1138 1013 1217 1084 nmrd,

111 1108 258 1167 constant,
272 1096 434 1175 promiscue
448 1095 534 1153 modo
548 1094 605 1153 hoc
619 1108 748 1174 recepto,
763 1094 851 1154 modu
865 1096 930 1154 alio.
972 1096 1080 1155 Altera
1088 1094 1219 1155 mixtionis

110 1178 186 1238 ratio
200 1190 253 1249 est,
268 1197 333 1255 quae
346 1197 481 1235 numeros
496 1177 591 1243 efficit,
607 1196 679 1252 quos
693 1196 877 1235 concussos
897 1178 1046 1235 nominare
1068 1178 1157 1236 risum
1175 1187 1217 1235 est.

111 1259 156 1318 Hi
170 1258 244 1317 duos
259 1258 391 1336 pluresve
405 1278 539 1317 numeros
553 1258 636 1315 simul
653 1258 896 1336 complectuntur,
911 1276 1020 1338 eosque
1034 1259 1064 1316 in
1081 1278 1165 1317 unum
1182 1276 1218 1317 ore

112 1340 211 1399 dinem
226 1344 409 1418 conjunctos,
422 1340 462 1398 ita
476 1351 508 1398 ut
522 1339 610 1397 dividi
623 1340 807 1419 separarique
818 1353 978 1418 nequeant:
1000 1360 1059 1419 quo
1074 1339 1219 1399 differuntt

113 1421 283 1498 compositis
301 1421 437 1489 numeris,
452 1422 502 1500 qui
516 1420 587 1479 fiunt
602 1420 744 1499 copulatis
758 1422 888 1499 pluribus
901 1421 1063 1481 ordinibus.

154 1508 184 1560 4.
206 1503 387 1562 Comrosrm
403 1503 478 1560 enim
494 1502 605 1560 numeri
619 1501 676 1559 hoc
691 1502 800 1560 habent
820 1503 976 1581 proprium,
1000 1503 1081 1581 quod
1095 1522 1132 1561 ex
1144 1498 1216 1581 pluri·

112 1583 168 1642 bus
183 1582 253 1641 facti
267 1594 334 1641 sunt
348 1584 485 1654 numeris,
508 1602 630 1662 quorum
650 1584 755 1662 singuli
776 1583 834 1641 suis
855 1585 976 1662 propriis
996 1584 1145 1643 ordinibus
1162 1599 1216 1640 con·

112 1674 201 1734 stant,
226 1683 347 1742 seseque
371 1667 508 1742 deinceps
530 1664 689 1742 excipiunt.
733 1665 785 1723 Est
807 1676 903 1722 autem
925 1666 1012 1724 etiam
1035 1679 1216 1725 coneosrsro

113 1743 233 1822 duplex.
275 1746 321 1804 Fit
345 1747 421 1805 enim
445 1757 497 1805 aut
519 1765 572 1824 per
595 1763 855 1813 conAERENTIAM‚
878 1765 964 1823 quam
987 1747 1123 1818 eoricus·
1141 1740 1218 1806 Greci

113 1838 230 1897 vocant,
246 1846 310 1905 quae
324 1827 528 1906 plerorumque
542 1838 586 1886 est
600 1845 735 1885 versuum
751 1824 889 1895 conditio,
910 1838 961 1885 aut
983 1844 1059 1885 siun
1083 1842 1217 1894 vincum,

113 1907 192 1966 unde
207 1928 305 1966 versus
322 1928 535 1968 assuaarnrr
551 1922 720 1969 nascuntur.
818 1940 820 1947 ·

153 1994 183 2050 5.
206 1989 301 2048 Nemo
315 2010 373 2048 nun
388 1991 476 2061 videt,
496 1993 572 2048 hanc
593 1989 788 2067 partitionem,
811 2008 896 2066 quarn
918 1990 1132 2067 proposuimus,
1149 1986 1217 2046 latius

13 2143 16 2149 Ι
114 2081 225 2149 patere,
241 2091 326 2149 quam
343 2085 374 2130 ut
388 2092 424 2130 ea
439 2083 550 2130 tantum
565 2085 658 2128 metm
672 2070 907 2148 comprehendat,
924 2069 961 2128 de
975 2070 1083 2147 quibus
1094 2070 1148 2129 hoc
1159 2069 1216 2139 libro

43 2220 47 2229 Ι
112 2151 221 2210 dicturi
243 2172 353 2212 sumus.
395 2154 470 2212 Nam
495 2154 524 2211 in
539 2151 800 2231 polyschematistis
814 2152 942 2218 uersibus
953 2155 1020 2230 jure
1033 2150 1218 2210 habendisunt
1253 2140 1255 2178 ¹

48 2294 56 2305 ,
114 2243 145 2292 et
160 2233 347 2292 choriambici
361 2245 392 2292 et
406 2234 510 2305 ionici,
525 2234 562 2292 de
576 2234 680 2312 quibus
694 2231 878 2310 praeccdente
891 2232 964 2289 libro
979 2232 1158 2310 explicatum
1176 2238 1215 2287 est·
1252 2232 1255 2257 ²

115 2314 277 2392 Compositi
290 2325 386 2374 autem
401 2316 571 2374 numerandi
586 2325 653 2372 sunt
675 2313 804 2391 plerique
825 2330 924 2371 omnes
945 2332 1055 2385 versus,
1078 2314 1116 2373 de
1135 2310 1217 2391 quibnt

113 2394 257 2454 hactenus
278 2408 321 2454 est
336 2397 510 2474 expositum,
526 2395 667 2473 multique
687 2412 789 2452 eorum
812 2393 898 2452 etiam
918 2393 1089 2472 asynarteti.
1128 2396 1216 2453 Verum

114 2476 251 2553 quoniam
266 2495 325 2534 non
339 2477 376 2536 de
391 2479 517 2535 numeris
531 2478 633 2548 solum,
649 2475 799 2533 sedetiam
815 2475 851 2532 de
872 2475 1012 2545 versibus,
1032 2472 1087 2554 'qui
1107 2496 1143 2535 ex
1161 2490 1215 2552 quo·

115 2576 174 2635 que
189 2559 301 2615 numeri
320 2578 428 2636 genere
450 2559 625 2629 conduntur,
648 2557 822 2619 disserimus.
845 2555 906 2614 lieri
927 2575 986 2615 non
1011 2567 1135 2635 poterat,
1153 2554 1215 2633 quin,
1248 2630 1250 2637 y

114 2638 166 2695 ubi
180 2639 217 2698 de
231 2639 408 2716 simplicibus
422 2640 548 2698 numeris
562 2639 739 2707 dicebamus,
761 2638 847 2696 etiam
867 2657 966 2696 versus
986 2657 1026 2696 ex
1046 2638 1094 2696 his
1113 2632 1215 2697 numeri
1249 2635 1255 2690 l

114 2718 219 2791 factos,
234 2740 342 2799 eosque
355 2721 400 2780 vel
415 2742 468 2799 pcr
482 2720 697 2790 cohaerentiam,
711 2719 757 2778 vel
771 2719 833 2776 sine
847 2719 963 2778 vinculo
972 2719 1215 2799 compositoscom·
1248 2792 1250 2797 ᾗ

114 2819 351 2861 memoraremus.
394 2804 564 2880 Eodemque
579 2802 676 2870 modo,
698 2802 833 2878 quoniam
854 2799 1027 2879 simplicium
1049 2812 1214 2859 numerorum
1247 2810 1255 2851 t

116 2882 233 2960 quidam
251 2895 355 2942 natura
374 2904 425 2941 sua
444 2885 481 2942 ad
503 2883 689 2942 variationem
711 2882 878 2951 sanctisunt,
901 2900 1060 2961 versusque
1084 2884 1214 2961 procrcffll

116 2963 397 3040 polyschematistos,
426 2983 484 3021 non
512 2974 626 3041 poterat
650 2963 789 3040 praeteriri
818 2963 872 3021 ista
894 2963 1053 3021 formarum
1078 2956 1213 3022 alternatio·
1245 2986 1253 3014 t

115 3042 267 3108 Nonnulla
281 3045 405 3121 denique
420 3045 580 3122 composita
598 3056 690 3103 metra
710 3054 830 3123 propter
844 3044 1048 3122 cognationem
1070 3064 1148 3104 susm
1165 3054 1212 3099 cum
1244 3046 1255 3105 i

116 3123 305 3204 simplicibus,
320 3126 364 3183 vel
379 3127 446 3204 quia
459 3125 521 3184 fere
536 3146 601 3184 cum
623 3126 657 3183 iis
678 3131 834 3205 conjuncta
852 3126 1049 3198 inveniuntur,
1070 3118 1212 3203 attingent

117 3218 209 3265 erant.
257 3206 365 3265 Verum
381 3208 418 3265 de
433 3208 536 3285 quibus
550 3226 628 3266 nnnc
648 3206 754 3266 dicturi
775 3225 873 3265 sumus
894 3208 1032 3279 numeris,
1053 3226 1149 3267 eorum
1166 3218 1210 3260 on·

117 3287 199 3345 nium
213 3288 270 3347 hoc
284 3289 431 3367 proprium
445 3301 499 3359 est,
515 3289 603 3367 quod,
619 3308 706 3367 quum
722 3307 779 3345 non
794 3289 965 3348 variationes
978 3288 1037 3348 sint
1057 3284 1211 3367 simplicium

115 3368 202 3448 plane
217 3371 252 3427 ab
268 3370 310 3428 his
323 3372 470 3448 segregari
483 3371 601 3431 debent.
644 3370 679 3426 ld
697 3370 734 3428 de
754 3368 798 3439 iis,
821 3389 892 3446 quos
913 3381 1069 3430 concretos
1089 3378 1208 3453 vocantia

117 3469 171 3530 per
185 3471 216 3509 se
230 3464 362 3529 apertum
378 3465 430 3510 est.
473 3453 520 3509 Ex
542 3450 803 3530 polyschematistis
823 3463 921 3510 autem
941 3451 1001 3510 huc
1021 3442 1209 3532 pertinendi,

118 3552 191 3609 quos
206 3533 348 3592 incertum
364 3545 418 3604 est,
434 3533 457 3592 si
473 3553 511 3592 ex
525 3533 702 3611 simplicibus
716 3532 772 3590 orti
785 3543 864 3603 sunt,
878 3533 915 3591 ad
930 3552 1002 3612 quos
1016 3552 1116 3592 eorum
1134 3526 1208 3589 resen
1239 3544 1244 3571 t

119 3613 254 3674 debeant.
297 3617 345 3673 De
364 3615 529 3694 compositis
550 3634 628 3682 vero,
650 3614 709 3673 sive
729 3613 768 3670 illi
790 3632 842 3692 par
863 3614 1068 3674 cohaerentiam
1087 3607 1207 3673 faetida

118 3694 179 3755 sive
193 3696 250 3754 sint
265 3697 432 3774 asynarteti,
448 3715 498 3755 eos
512 3695 761 3774 pertractabimus,
775 3695 823 3772 qui
838 3695 884 3757 vel
898 3715 936 3755 ex
958 3695 1077 3755 diversis
1096 3702 1155 3755 sunt
1170 3702 1206 3744 nit

120 3778 206 3835 meris
221 3777 382 3855 compositi,
397 3778 452 3848 vel,
468 3778 491 3835 si
506 3797 543 3835 ex
558 3778 670 3846 iisdem,
685 3788 782 3836 tamen
797 3776 929 3835 ordinum
941 3777 1106 3837 diversitate
1115 3770 1205 3855 faciut
1248 3837 1252 3843 ,

120 3868 153 3917 ut
168 3878 226 3920 non
239 3859 350 3940 possint
363 3878 416 3937 pro
430 3859 616 3940 simplicibus,
631 3878 748 3938 unoque
762 3877 884 3919 numero
894 3860 1115 3921 decurrentibus
1126 3852 1205 3915 habri
1235 3850 1255 3872 '⁴
