2694 4866
21 236 29 251 '
115 287 155 342 ιι
229 290 232 295 ’
272 337 274 341 ,
506 280 587 341 nm.
608 280 650 341 11.
682 281 776 344 cnr.
796 282 837 349 u.

116 449 241 520 riuntnr,
256 460 289 509 ut
309 457 364 524 φιῢ,
379 450 402 509 si
416 459 528 510 certum
548 450 579 508 in
598 450 724 530 strophis
737 450 836 511 locum
855 460 968 525 tenent,
982 471 1038 513 nec
1052 464 1152 516 temen
1170 475 1230 519 cunr

116 531 244 609 ipsorum
258 550 392 591 versuum
406 532 533 591 numeris
547 533 698 610 conjuncti
717 545 795 605 sunt,
809 552 868 591 noo
890 551 990 593 carere
1003 554 1127 597 numero
1140 538 1230 599 video·

116 623 175 684 tur,
189 612 241 671 sed
254 632 337 671 suum
351 615 458 673 habere
472 632 636 685 numerum,
650 613 709 692 qui,
722 625 753 674 ut
768 634 813 674 res
829 615 891 693 ipsa
903 626 1056 689 monstrat,
1069 637 1131 678 non
1144 630 1231 699 potest

116 712 176 752 oon
190 694 219 751 iu
234 694 363 772 ipsaarsi
377 695 546 754 consistere.
638 702 641 709 ’

158 779 186 835 2.
208 775 306 835 Multo
330 777 421 854 magis
444 775 637 837 memorabilis
660 785 705 835 est
728 775 801 835 eiius
824 796 972 851 uumerus,
996 776 1106 855 quiex
1130 781 1229 843 arabe

116 855 201 915 nudis
215 857 390 936 compositus
404 857 529 917 videtur.
570 857 647 917 Eum
660 876 714 917 nos
727 873 828 916 sustu
841 877 989 930 vocamus,
1003 859 1072 937 quia
1081 879 1230 941 numquam

115 936 203 1011 solus,
218 939 270 998 sed
283 959 397 1016 semper
411 939 441 996 in
454 939 597 1017 principio
611 939 733 998 aliorum
747 957 931 999 numerorum
953 951 1109 1019 usurpatus
1124 943 1228 1023 compi·

70 1023 72 1027 ’
101 1014 201 1078 'eitun
243 1021 349 1079 Factus
363 1021 387 1078 is
400 1031 444 1079 est
466 1022 630 1099 promiscue
650 1020 696 1080 vel
716 1040 755 1079 ex
776 1021 951 1100 pyrrhichio,
972 1021 1018 1079 vel
1038 1040 1077 1080 ex
1096 1024 1228 1103 spondeo,

114 1099 213 1160 velex
236 1102 373 1168 trocheo,
398 1101 444 1159 vel
464 1110 503 1161 ex
524 1101 631 1174 iambo,
651 1101 797 1161 interdum
821 1102 909 1161 etiam
929 1122 968 1162 ex
989 1100 1149 1176 tribracho,
1170 1105 1230 1185 quin

113 1181 201 1241 etiam
216 1202 254 1241 ex
269 1182 385 1261 dactylo
399 1183 444 1244 vei
458 1203 496 1242 ex
510 1194 665 1261 anapaesto.
706 1185 780 1249 Quae
795 1194 875 1242 tanta
888 1202 1030 1242 mensurae
1043 1185 1168 1245 varietas
1179 1205 1230 1245 non

114 1273 212 1342 potest
231 1283 291 1323 non
306 1284 439 1342 magnam
460 1265 671 1324 dubitationem
693 1263 729 1322 de
750 1275 854 1323 natura
866 1265 952 1343 hujus
966 1265 1078 1323 numeri
1099 1267 1229 1327 excitsre.

116 1345 193 1403 Nam
208 1345 232 1402 si
245 1345 304 1417 ille,
318 1357 349 1406 ut
363 1346 462 1404 caeteri
474 1346 598 1417 numeri,
613 1366 651 1405 ex
664 1346 720 1404 arsi
734 1355 764 1404 et
778 1345 862 1417 thesi,
877 1347 923 1404 vel
937 1365 975 1405 ex
993 1348 1127 1406 unacrusi
1141 1359 1171 1409 et
1181 1349 1229 1409 ursi

116 1427 294 1505 compositus
308 1438 392 1496 esset,
408 1447 472 1486 eam
485 1428 605 1488 deberet
620 1445 761 1486 mensurae
781 1427 923 1487 rationem
938 1427 1056 1498 habere,
1071 1448 1148 1507 quae,
1162 1441 1192 1488 ut
1204 1429 1229 1486 io

115 1506 209 1586 primo
223 1507 297 1567 libro
319 1507 509 1580 ostendimus,
524 1510 640 1588 propria
663 1508 764 1566 talium
788 1518 973 1568 numerorum
988 1519 1042 1580 est,
1066 1529 1126 1567 non
1140 1521 1227 1570 autem

114 1588 499 1726 palemquaeiisrepugnat.
530 1589 822 1669 Itaquesitrochaeus
835 1600 922 1662 esset,
936 1608 1084 1651 mensuras
1094 1591 1228 1673 reciperet
1266 1634 1269 1669 i

136 1689 184 1732 as:
1208 1696 1224 1713 ·-

195 1887 220 1951 ό
230 1921 253 1952 υ
262 1916 281 1952 u

109 2001 158 2067 sin
172 2001 294 2076 iambus,
308 2003 379 2062 has:

194 2165 262 2184 ν-

132 2238 140 2253 ’”
192 2248 275 2286 ww

113 2337 218 2416 ltaque
238 2338 405 2417 pyrrhichio
420 2339 516 2399 nullus
537 2340 655 2399 relictus
669 2341 751 2399 locus
771 2349 858 2412 esset,
873 2357 958 2418 quem
979 2349 1078 2399 tamen
1092 2345 1123 2399 et
1142 2344 1228 2417 grant·

114 2419 288 2476 maticorum
308 2421 474 2478 testimonia
498 2431 528 2478 et
541 2421 675 2498 exempla
688 2424 840 2501 poetarum
860 2431 990 2480 tuentur.
1031 2420 1130 2480 Multo
1142 2419 1228 2477 minut

25 2528 28 2543 ι
53 2506 55 2511 “
114 2510 213 2556 autem
227 2498 257 2557 in
281 2499 495 2578 antistrophicis
516 2512 638 2579 uterque
662 2520 808 2574 numerus,
829 2501 973 2561 trochaeus
993 2512 1023 2559 et
1044 2501 1166 2571 iambus,
1185 2494 1228 2576 qni

114 2589 220 2637 natura
232 2597 284 2637 sua
305 2581 441 2642 contrarii
460 2592 538 2652 sunt,
560 2582 736 2661 respondere
757 2583 812 2640 sibi
833 2593 961 2660 possent,
983 2582 1063 2660 quod
1083 2592 1179 2641 tamen
1199 2576 1227 2635 iit

100 2660 279 2738 xsaepissime.
320 2662 425 2741 Neque
446 2682 526 2735 vero,
540 2673 573 2721 ut
595 2663 707 2742 opinor,
727 2663 857 2722 volemus
879 2663 1006 2741 tragicos
1027 2663 1159 2733 Groecos,
1177 2657 1225 2726 vel,

114 2741 194 2820 quod
207 2761 300 2821 nuper
314 2742 480 2805 Boeckhins
500 2764 529 2823 p.
543 2748 592 2805 65.
611 2742 709 2804 facere
723 2763 809 2808 ausus
829 2755 885 2814 est,
904 2744 1011 2823 lyricos
1026 2742 1188 2814 AEolenses,
1200 2747 1227 2799 et

113 2824 339 2883 Atheniensium
360 2825 488 2884 comicos
507 2825 537 2882 in
558 2825 735 2905 imperfectis
754 2825 925 2904 rhythmicis
944 2841 1108 2894 numerare,
1122 2842 1158 2882 ac
1176 2838 1227 2880 non

113 2905 210 2983 potius
224 2904 261 2964 de
284 2915 384 2964 nostra
396 2906 528 2966 dubitare
552 2906 665 2984 peritia,
689 2907 724 2977 si,
740 2905 819 2984 quod
842 2906 879 2965 ab
903 2905 959 2964 iilis
980 2905 1092 2964 factum
1117 2915 1170 2976 est,
1184 2899 1226 2982 qui

111 2986 243 3063 magistri
256 2986 339 3045 nobis
352 2996 420 3044 sunt
432 2986 519 3064 hujus
532 2987 612 3058 artis,
627 2987 774 3066 explicare
788 2986 958 3046 nesciamus.
999 2985 1093 3044 Immo
1107 3004 1186 3056 vero,
1198 2991 1227 3041 nt

112 3064 144 3122 in
159 3065 270 3125 caeteris
284 3068 381 3138 rebus,
395 3087 460 3146 quae
474 3070 510 3127 ab
524 3067 579 3126 illis
593 3069 737 3128 institutae·
746 3080 825 3139 sunt,
839 3067 967 3126 divinare
982 3085 1080 3125 veram
1093 3065 1226 3125 rationem

112 3146 196 3206 nobis
209 3147 289 3220 licet,
304 3148 354 3220 ita,
369 3149 424 3207 nisi
443 3149 538 3221 failor,
553 3149 640 3208 etiarn
654 3151 756 3209 baseos
777 3159 881 3209 natura
893 3147 962 3209 satis
981 3145 1171 3227 probabiliter
1183 3144 1227 3204 de·

113 3228 215 3288 clarari
221 3229 345 3322 poterit.

153 3316 182 3370 3.
204 3312 280 3370 ham
295 3311 319 3370 si
338 3323 515 3391 reputamus,
536 3332 677 3391 nusquam
691 3310 773 3371 basin
798 3310 919 3371 inveniri
931 3310 1032 3383 solam,
1056 3309 1109 3369 sed
1123 3323 1227 3387 semper

113 3410 181 3451 cum
196 3392 257 3451 aliis
272 3394 458 3471 conjunctam
482 3394 619 3466 numeris,
640 3393 724 3453 etita
744 3392 874 3472 quidem,
888 3403 921 3452 ut
940 3403 1009 3451 ante
1028 3391 1119 3470 ipsam
1134 3406 1227 3450 eorum

112 3474 189 3533 arsin
203 3473 256 3535 sit:
275 3476 341 3553 jure
355 3473 487 3533 videmur
502 3468 678 3547 existimare,
691 3474 749 3533 hoc
763 3475 845 3554 quasi
858 3472 1030 3553 praeludium
1044 3471 1190 3549 quoddam
1201 3477 1228 3529 et

111 3567 323 3616 tentamentum
349 3575 411 3614 esse
435 3556 548 3614 numeri
572 3555 709 3634 deinceps
732 3554 905 3634 sequuturi„
945 3553 1018 3613 Eam
1046 3570 1108 3611 rem
1136 3563 1228 3612 autem

111 3638 207 3697 nullus
222 3651 266 3698 est
287 3657 424 3696 numerus
438 3637 487 3717 qui
501 3637 597 3716 aptius
616 3648 815 3716 repraesentet,
830 3654 916 3715 quam
930 3635 996 3693 duae
1009 3652 1097 3706 arses,
1112 3650 1229 3712 quarum

111 3738 233 3799 quaeque
247 3722 308 3779 sola
318 3738 370 3798 per
383 3738 417 3799 se
428 3730 552 3790 constet,
567 3736 664 3798 neque
677 3729 728 3776 aut
742 3738 809 3777 curn
833 3718 932 3786 altera,
947 3726 997 3775 aut
1012 3734 1079 3774 cum
1093 3723 1229 3793 sequente

111 3817 233 3860 numero
257 3801 412 3861 cohaereat.
452 3802 553 3878 Atque
572 3800 631 3860 hoc
651 3801 738 3859 modo
758 3819 796 3858 ne
810 3799 840 3856 in
860 3816 996 3856 mensura
1015 3795 1133 3874 quidem
1148 3794 1229 3856 reliu-

111 3892 226 3954 quetur,
242 3881 321 3960 qood
335 3879 474 3959 explicari
484 3892 619 3959 nequeat.
662 3881 760 3940 Prima
769 3881 847 3943 enim
854 3879 957 3940 baseos
966 3878 1068 3948 forma,
1083 3895 1144 3958 qua
1151 3873 1234 3958 lyrici

112 3958 264 4022 AEolenses
278 3961 322 4021 usi
335 3970 413 4030 suut,
428 3960 561 4033 harecurt,

1263 4026 1269 4037 a

1262 4044 1269 4061 h

1263 4128 1268 4181 i

207 4236 214 4259 ,
1263 4196 1269 4249 Ι

198 4271 222 4301 υ
275 4272 299 4303 υ
1099 4320 1102 4325 s
1264 4252 1269 4333 1

1265 4392 1269 4461 t'

1264 4468 1269 4489 i

1267 4494 1269 4519 i

109 4372 186 4431 Natu
200 4390 259 4434 unu
272 4371 351 4448 arsis,
365 4394 431 4453 quae
454 4394 550 4455 neque
570 4374 737 4450 anacrusin,
753 4394 849 4455 neque
868 4370 965 4435 thesin
978 4374 1077 4446 hebet,
1098 4390 1196 4433 exem·

673 4464 689 4506 e
