2694 4866
466 272 548 335 LlB.
567 271 611 334 11.
632 272 728 339 CAP.
748 271 881 337 XXXII.

426 477 539 535 Lemnis
550 488 648 550 presto

117 578 120 583 ·
179 547 273 607 littdra
285 550 393 624 jamjam
406 560 434 606 et
444 550 516 605 celes
527 551 653 607 Cabirum

180 622 291 678 delubra
301 634 386 687 tenes,
397 621 573 693 mysteriaque

180 695 293 767 pristina
304 694 384 749 castis
395 693 526 763 concepta
538 693 628 749 sacris.

181 765 244 820 dein
257 765 385 822 Volcania
395 774 449 820 tem
468 764 495 819 la
506 766 554 819 sub
565 764 630 835 ipsis

182 838 302 903 collibus,
318 837 346 890 in
357 854 426 908 quos
456 836 539 890 clatus
551 836 627 890 locos

180 907 279 963 dicitur
290 908 345 962 alto
358 911 391 961 sb
402 907 492 961 limine
505 906 573 971 caeli,

181 979 270 1048 gravia
281 979 431 1045 exspirante
442 978 539 1048 vapore
556 976 641 1030 ridess

180 1051 254 1105 unde
265 1051 333 1120 ignis
345 1050 418 1103 cluet
429 1048 582 1102 mortilibus
594 1046 660 1101 clam

181 1121 296 1176 divisus:
315 1122 386 1174 enim
397 1119 493 1174 doctus
504 1117 679 1173 Prometheus

182 1192 308 1263 clepsisse
319 1191 392 1257 dolo,
403 1206 547 1261 poenasque
557 1189 620 1246 Jovi

256 1261 313 1317 fsto
325 1261 482 1333 expendisse
494 1260 626 1332 supremo.

113 1366 232 1439 Hiatus,
247 1386 334 1445 quem
347 1366 377 1425 in
391 1366 470 1426 aliud
491 1365 569 1425 Attii
580 1365 776 1444 fragmentum
790 1336 871 1445 apud
883 1364 1013 1429 Nonium
1026 1387 1057 1448 p.
1077 1372 1143 1433 425.
1155 1365 1215 1429 Mer·

114 1467 199 1509 cerus
213 1447 322 1521 intulit,
337 1467 375 1508 ex
389 1447 514 1528 antiquis
528 1446 608 1506 libris
623 1446 768 1506 tollendus
788 1459 852 1511 est:
1091 1468 1095 1473 ·

537 1564 613 1631 itera,
625 1562 653 1618 in

185 1634 280 1706 quibus
290 1635 417 1707 partibus,
434 1633 559 1707 (namque
579 1635 670 1690 audire
681 1634 753 1700 volo,

185 1706 209 1760 si
220 1716 270 1771 est,
281 1725 359 1778 quem
371 1708 483 1778 exopto)
500 1716 528 1761 et
540 1725 593 1777 quo
605 1716 699 1778 captus
716 1705 806 1772 modo,

184 1775 327 1833 fortuncne
338 1794 372 1831 an
384 1777 454 1833 forte
465 1788 592 1848 repertus.

115 1880 165 1942 De
181 1878 301 1939 Senecae
315 1879 466 1958 tragoediis
480 1879 548 1940 satis
562 1879 672 1940 dictum
686 1889 731 1938 est
745 1896 763 1938 a
776 1878 921 1940 Bentleio.

159 1966 206 2021 18.
227 1960 425 2020 Paroemiacus
438 1963 467 2018 in
483 1960 604 2020 Senecae
614 1959 763 2039 tragoediis
771 1978 912 2039 nusquam
926 1959 1083 2022 invenitur.
1124 1954 1218 2021 Sedhu

114 2041 237 2115 fabulas,
258 2062 323 2121 quae
343 2042 415 2101 nihil
432 2052 500 2101 sunt
521 2041 576 2100 nisi
590 2041 720 2101 infelices
733 2041 908 2101 imitationes
924 2042 1101 2101 Graecorum
1119 2053 1147 2101 et
1158 2051 1214 2098 vete·

115 2142 180 2183 rum
196 2123 366 2184 Latinorum
380 2123 598 2202 tragoediarum,
618 2123 669 2182 vix
690 2141 786 2202 operae
806 2122 931 2201 pretium
946 2133 991 2181 est
1005 2136 1214 2185 commemorare,
1246 2124 1256 2180 ἐ

115 2206 276 2299 presertim
289 2205 312 2265 si
331 2225 432 2265 verum
447 2216 502 2277 est,
516 2205 596 2284 quod
619 2204 760 2285 suspicor,
783 2223 843 2263 non
857 2223 921 2264 esse
933 2203 968 2263 iis
982 2203 1114 2264 ultimam
1127 2214 1216 2263 mansu
1249 2257 1256 2295 ¹

114 2286 289 2367 impositam.
331 2289 515 2366 Quamquam
535 2286 614 2365 quod
635 2285 674 2345 ad
693 2297 854 2365 anapaestos
881 2284 999 2358 attinet,
1027 2297 1156 2365 apertum
1178 2288 1215 2347 erl
1247 2334 1256 2367 ι

114 2371 217 2447 po'e'tas
238 2370 307 2427 istos
329 2369 462 2428 consulm
483 2387 501 2427 a
521 2367 697 2447 paroemiaco
717 2366 900 2440 abstinuisse,
920 2365 1100 2446 ineptissime
1113 2362 1214 2446 quiden.
1246 2406 1256 2455 μ

115 2468 206 2527 quum
220 2449 269 2509 hic
283 2468 432 2520 uumerus,
447 2449 471 2508 si
487 2449 612 2509 catalexi
627 2459 735 2521 careat,
749 2449 834 2508 valde
848 2448 1017 2508 invenustus
1031 2447 1080 2508 sit.
1120 2449 1216 2507 veteres
1246 2476 1256 2509 ε

114 2548 186 2589 vero
202 2530 401 2588 Romanorum
415 2529 542 2607 tragicos
555 2549 615 2588 non
628 2550 723 2601 secus,
738 2549 824 2612 quam
835 2529 967 2600 Graecos,
977 2521 1217 2608 paroemia'cofinin

114 2628 129 2670 s
150 2621 274 2670 sternata
296 2610 395 2670 solitos
416 2630 490 2682 esse,
515 2611 583 2670 satis
604 2612 730 2671 ostendit
752 2611 912 2673 Bentleius.
957 2609 1037 2668 Addi
1051 2600 1215 2689 exemplisrh

118 2632 169 2750 illo
185 2691 278 2751 allatis
292 2713 382 2772 quum
397 2693 453 2752 alia
465 2704 596 2773 possunt,
611 2705 674 2754 tum
688 2693 751 2773 hec
762 2692 838 2752 Attii
848 2693 879 2751 in
890 2691 1083 2772 Alphesiboea
1095 2683 1216 2772 apudliv·

116 2774 198 2833 nium
213 2773 242 2832 in
257 2794 284 2832 v.
298 2784 431 2835 cunctam
440 2800 453 2835 .-

132 2948 135 2955 ,
186 2892 225 2946 ita
235 2891 327 2947 territa
338 2895 455 2947 membra
465 2893 554 2947 animo
566 2901 668 2961 aegroto

258 2972 384 3016 cunctant
396 2963 504 3017 sufferre
521 2962 647 3018 laborem.

117 3048 154 3124 ln
169 3063 309 3145 Epigonis
323 3066 401 3145 apud
414 3065 549 3126 eumdem
563 3087 593 3146 p.
609 3071 677 3130 158.
691 3065 790 3127 nescio
811 3084 849 3126 an
869 3064 1056 3127 scribendum
1077 3063 1124 3138 sit,
1234 3060 1256 3175 ²¹

187 3200 235 3255 sed
242 3203 296 3272 jam
309 3200 516 3271 Amphilochum
525 3201 578 3256 huc
590 3202 687 3258 vadere
699 3192 796 3259 cernor
814 3203 853 3258 ita

258 3274 335 3328 nobis
347 3274 409 3328 data
420 3291 502 3345 pausa
513 3273 648 3345 loquendi.

117 3393 215 3472 Vulgo
235 3402 262 3452 et
278 3394 355 3454 nobis
369 3395 455 3453 datur
479 3394 550 3454 bono
560 3415 653 3474 pauso
674 3394 816 3475 loquendi.
857 3393 917 3453 Sed
940 3393 1013 3453 bona
1035 3392 1066 3451 in
1087 3401 1153 3452 vett.
1169 3377 1251 3449 till

116 3474 207 3536 deest.
249 3475 333 3533 Idem
348 3475 448 3534 Attius
463 3476 493 3533 in
507 3476 632 3534 Bacchis
646 3476 724 3553 apud
740 3475 869 3534 Nonium
883 3496 912 3555 p.
925 3479 995 3538 489.
1246 3474 1249 3477 Δ

467 3610 513 3665 ubi
530 3622 636 3666 sanctus
654 3610 792 3666 Cithaeron

257 3680 365 3736 frondet
378 3681 549 3736 viridantibus
560 3681 632 3738 fetis.

119 3800 202 3860 Male
223 3802 343 3861 Dclrius
366 3822 432 3860 cum
455 3803 512 3862 hoc
535 3806 700 3883 fragmento
721 3803 876 3882 conjunxit
890 3801 979 3874 aliud,
1001 3802 1083 3882 quod
1096 3820 1134 3863 ex
1145 3780 1232 3860 ismll
1249 3759 1256 3791 ἶ

120 3892 174 3951 est,
189 3893 221 3941 ut
236 3902 274 3941 ex
289 3883 445 3941 MacrobIo
456 3885 510 3944 Vl.
525 3889 554 3947 5.
570 3886 751 3965 intelligitur.
793 3887 934 3965 Tragicos
947 3894 1081 3945 sectatus
1100 3880 1181 3944 estV

119 3960 150 4015 in
176 3964 279 4022 saliri&
321 3963 364 4024 Ut
386 3962 415 4019 ln
441 3967 520 4023 nisa
543 3976 634 4028 russis
658 3967 742 4047 apud*
759 3968 888 4028 Nonlum
903 3987 932 4048 p.
946 3971 1015 4033 140·
1030 3965 1189 4046 (111le
1202 3956 1238 4018 ’Β

122 4041 267 4101 scribendi
280 4043 433 4102 videnturz
1253 4084 1256 4089 ·

125 4243 128 4251 Ι
191 4177 253 4233 dein
266 4193 339 4239 certo
351 4181 404 4240 alui
416 4183 508 4247 fluctu,
519 4193 550 4238 ut
562 4184 659 4244 siccum

190 4263 295 4319 pareret
311 4271 439 4322 mansum,
450 4273 504 4327 quo
515 4273 640 4312 venarum

261 4326 388 4395 sanguine
399 4328 469 4386 rivos
482 4325 633 4399 compleres.
