2694 4866
224 297 304 358 LlB.
324 297 383 361 ΙΙΙ.
399 295 494 359 CAP.
507 295 620 363 XXIV.
648 294 707 356 DE
729 294 816 363 INT.
838 295 1037 382 ANTISTR.
1130 298 1192 358 488

484 694 599 772 CAP.
626 693 777 772 XXIV.

202 910 253 960 DE
272 907 631 962 INTERPELLATIONE
650 907 1056 989 AptTISTRoPfflcouUM.

89 1067 394 1140 l.Prr1uouoerm,ut
405 1066 534 1126 omnium
544 1065 650 1126 artium
659 1084 694 1126 ac
703 1065 968 1138 doctrinarum,hic
978 1083 1093 1146 semper
1104 1063 1199 1124 etiuit
1293 1089 1296 1094 ·

59 1167 173 1220 cursus,
194 1159 225 1209 et
239 1148 305 1222 erit,
328 1160 361 1207 ut
375 1150 405 1206 in
419 1166 535 1228 quaque
548 1159 633 1226 parte
646 1146 741 1229 primo
762 1148 851 1208 nullae
869 1149 928 1210 sint
947 1147 1068 1228 regulae,
1091 1146 1198 1207 deinde

59 1231 158 1292 omnia
170 1232 258 1312 plena
271 1231 343 1290 fiant
357 1231 534 1310 regularum,
554 1241 704 1312 postremo
720 1231 808 1290 etiam
824 1231 862 1290 de
876 1232 1100 1311 exceptionibus
1115 1229 1198 1308 cogi·
1261 1272 1263 1277 .

60 1324 150 1374 tetur.
190 1313 280 1373 Initia
300 1313 379 1373 enim
402 1311 532 1373 scientiae
556 1312 622 1373 rudi
643 1314 767 1377 materia
790 1325 937 1386 coustant,
959 1317 1042 1395 cujus
1063 1324 1198 1372 naturam

60 1395 132 1455 dum
146 1414 326 1474 cognoscere
340 1394 439 1455 studet
452 1413 535 1455 mens
547 1393 686 1468 humana,
709 1396 913 1475 comparandis
927 1394 1079 1467 similibus,
1101 1413 1199 1453 secer-

60 1477 164 1538 nendis
178 1477 364 1538 dissimilibus
378 1477 493 1556 regulas
506 1477 618 1551 condit,
643 1477 749 1559 quibus
769 1477 941 1539 varietatem
965 1478 1044 1538 illam
1069 1477 1199 1536 materiae

60 1571 145 1639 regat
158 1570 247 1640 atque
261 1560 292 1618 in
305 1569 403 1640 partes
416 1558 556 1639 quasdam
571 1558 726 1623 describat.
769 1559 876 1639 quua
889 1580 922 1620 re
936 1579 996 1619 non
1017 1559 1121 1620 mirum
1143 1569 1198 1631 est,
1273 1588 1275 1592 ·

60 1641 182 1701 modum
192 1642 287 1702 solere
296 1641 410 1702 excedi.
452 1641 529 1701 Nam
543 1661 682 1703 successu
697 1643 853 1702 alacriores
865 1642 948 1715 facti,
960 1641 1043 1701 -nihil
1059 1661 1121 1701 esse
1145 1661 1200 1719 pu·

61 1735 169 1798 mmus,
190 1724 270 1804 quod
284 1743 344 1782 non
357 1723 449 1803 possit
459 1723 497 1783 ad
507 1724 639 1803 regulam
655 1723 842 1793 conformari,
858 1723 1033 1801 usquedum
1047 1722 1199 1802 exceptio·

63 1825 136 1865 num
149 1807 197 1866 vel
209 1805 397 1865 multitudine
411 1804 457 1866 rel
470 1804 608 1864 firmitate
621 1805 735 1879 moniti,
749 1804 880 1864 fontibus
894 1804 1066 1882 regulorum
1081 1804 1200 1864 investi-

61 1888 167 1968 gandis
182 1906 217 1947 eo
233 1887 428 1968 pervenimus,
451 1897 494 1960 ut,
516 1905 670 1966 quousque
684 1885 727 1946 vis
742 1905 841 1946 earum
857 1894 887 1945 et
902 1904 972 1944 usus
984 1887 1141 1966 pertineat,
1156 1887 1201 1944 in·

62 1969 240 2048 telligamus.
282 1970 344 2030 Hic
358 1969 449 2048 igitur
467 1987 570 2028 cursus
584 1979 675 2049 quum
695 1967 732 2028 ab
755 1968 817 2047 ipsa
840 1977 946 2026 natura
968 1969 1129 2047 praefinitus
1151 1968 1200 2040 sit,

11 2074 15 2081 ⁴
61 2062 192 2125 nonest,
207 2051 287 2132 quod
301 2070 476 2132 quemquam
490 2050 643 2133 poeniteat,
664 2049 786 2109 nimium
801 2049 958 2132 aliquando
967 2050 1103 2114 tribuisse
1114 2069 1201 2128 regu·

62 2132 109 2204 lis,
125 2133 214 2193 modo
227 2153 259 2194 se
273 2145 375 2213 postea
387 2132 554 2192 liberaverit
568 2132 606 2191 ab
621 2131 677 2191 isto
695 2131 825 2192 servitio.v
865 2131 938 2190 Dixi
957 2131 1022 2192 haec
1036 2144 1201 2212 propterea,

62 2216 134 2294 quia
147 2214 218 2274 nihil
232 2215 346 2276 facilius
360 2227 416 2288 est,
433 2233 533 2296 quam,
548 2214 599 2273 ubi
610 2213 804 2295 omniaplena
813 2214 912 2276 uideas
923 2213 1201 2293 antistrophicorum
1256 2275 1258 2280 ,
1337 2201 1339 2206 “

64 2315 179 2358 summa
192 2309 255 2358 arte
268 2298 493 2366 elaboratorum,
515 2295 648 2356 eamdem
662 2297 805 2356 rationem
820 2296 977 2356 transferre
991 2295 1081 2355 etiam
1095 2297 1133 2355 ad
1152 2315 1203 2356 eas

62 2380 228 2442 fabularum
238 2391 347 2460 partes,
367 2378 399 2442 in
410 2379 579 2460 ¹quibusaut
593 2398 652 2442 acu
667 2390 712 2443 est
727 2390 878 2458 usurpata,
899 2393 951 2439 aut
965 2378 1034 2452 alio,
1048 2397 1138 2458 quam
1155 2396 1203 2437 so-

61 2461 116 2521 lito
129 2461 229 2534 modo,
249 2469 385 2527 tractata.
426 2460 463 2522 ld
477 2472 612 2541 quuur'et
631 2461 711 2532 mihi,
738 2472 769 2525 et
789 2462 863 2534 aliis,
886 2460 915 2521 in
937 2459 1031 2539 iisque
1054 2460 1203 2541 praecipue

65 2543 198 2603 Seidlero
212 2543 366 2618 acciderit,
381 2554 465 2604 tanto
480 2542 573 2622 magis
586 2543 749 2604 monendos
762 2544 898 2615 arbitror,
913 2543 963 2622 qui
977 2543 1035 2602 hoc
1049 2544 1079 2600 in
1094 2561 1204 2621 genere

65 2625 243 2704 litterarum
257 2627 386 2686 studium
413 2626 532 2705 aliquod
554 2625 711 2697 collocant,
736 2636 770 2685 ut
780 2623 784 2681 ss
795 2624 990 2695 meminerint,
1017 2645 1080 2684 esse
1104 2624 1204 2696 etiam,

63 2726 140 2786 quae,
167 2709 354 2788 quantumvis
373 2708 511 2789 speciem.
527 2707 805 2787 antistrophicorum
828 2718 889 2786 prae
908 2727 945 2778 se
972 2707 1080 2778 ferant,
1102 2719 1203 2765 tamen

29 2857 35 2876 Ι
62 2800 115 2849 aut
128 2789 269 2863 nonsint,
278 2801 330 2852 aut
343 2809 402 2849 non
417 2789 497 2848 omni
511 2809 550 2849 ex
563 2792 647 2868 parte
661 2789 799 2868 omnique
813 2790 903 2847 modo
914 2787 1134 2868 antistrophioa.
1158 2787 1204 2847 si-

63 2870 195 2950 mulque,
213 2872 288 2931 dum
300 2871 367 2931 haec
380 2871 507 2951 disputo,
520 2871 602 2930 locos
622 2871 686 2930 illos
710 2889 822 2942 omnes,
848 2889 921 2950 quos
945 2871 976 2928 in
1001 2867 1204 2933 dissertatione

64 2953 103 3012 de
117 2973 172 3024 usu
186 2954 462 3034 antistrophicorum
484 2953 514 3010 in
530 2953 702 3014 Graecorum
718 2953 869 3033 tragoediis
891 2951 987 3031 attigi,
1011 2962 1118 3032 prater
1142 2970 1204 3024 eos,

63 3033 102 3094 de
117 3036 222 3114 quibus
232 3041 395 3117 jamsupra
408 3035 520 3095 dictum
534 3047 589 3109 est,
613 3035 671 3095 alia
684 3055 720 3095 ac
744 3036 876 3111 meliore,
901 3035 926 3094 si
949 3036 1069 3115 possim,
1092 3035 1205 3095 ratione

32 3119 33 3122 ’
62 3118 208 3189 tractabo,
224 3116 317 3196 iisque
336 3116 408 3178 alios
422 3115 564 3198 quosdam
585 3117 731 3196 adjiciam.
773 3145 779 3155 ·

107 3203 136 3260 2.
170 3201 219 3258 Ac
246 3199 340 3279 primo
372 3199 608 3259 commemorabo
638 3198 888 3277 interpellationes
916 3196 1205 3277 antistrophicorum.

66 3279 183 3340 Placuit
197 3281 275 3341 euim
288 3281 384 3360 po'e‘tis
397 3279 545 3339 interdum
566 3290 618 3339 aut
631 3280 726 3339 aliena
739 3298 875 3359 persona,
889 3291 941 3348 aut
954 3279 1051 3339 alieno
1076 3279 1203 3351 cantico,

65 3374 118 3421 aut
130 3375 252 3442 propter
270 3363 356 3422 aliam
376 3362 503 3443 aliquam
524 3379 656 3421 caussam
669 3360 856 3440 interpellare
874 3380 922 3420 ac·
934 3361 1108 3439 perturbare
1129 3359 1206 3419 anti·

66 3444 225 3523 strophica·
268 3445 367 3506 Priiba
380 3444 429 3504 illa
441 3445 545 3516 forma,
570 3463 635 3521 quae
649 3442 682 3502 fit
696 3443 791 3502 aliena
814 3460 940 3523 persona
960 3442 1071 3523 aliquid
1085 3441 1205 3502 interlo-

64 3537 185 3604 quente,
201 3546 285 3586 usum
299 3546 363 3586 esse
377 3525 548 3607 Euripidem
562 3525 593 3584 in
607 3527 680 3586 lone
694 3544 712 3585 a
724 3546 753 3585 v.
766 3529 837 3588 219.
857 3525 999 3605 praeclare
1023 3523 1205 3584 animadver·
1310 3552 1313 3557 ⁴

65 3608 103 3666 tit
118 3608 246 3668 Thomas
256 3608 502 3688 Tyrwhittus,vir
511 3606 684 3668 excellentis
697 3607 824 3687 ingenii,
859 3607 906 3666 Eo
915 3607 995 3666 enim
1008 3606 1039 3665 in
1052 3606 1119 3664 loco
1134 3606 1205 3664 dum

71 3688 349 3750 choricaetmulieres
363 3693 441 3751 inter
453 3711 485 3750 se
495 3709 615 3750 carmen
628 3690 875 3770 antistrophicum
896 3689 1017 3763 canunt,
1033 3687 1064 3746 in
1075 3688 1206 3748 secunda

71 3771 283 3851 antistrophioa
297 3773 400 3835 Ionem
415 3772 604 3852 compellant,
623 3771 673 3852 qui
697 3773 854 3853 respondet
867 3772 999 3833 versibus
1014 3769 1206 3849 anapaesticis,
1237 3845 1240 3850 .
1336 3769 1339 3777 “

69 3852 167 3912 nullos
180 3854 210 3911 in
221 3855 421 3934 strophaalios
434 3865 596 3934 anapaestos
606 3854 755 3934 oppositos
765 3854 951 3926 habentibus,
965 3851 1008 3915 ita
1021 3863 1054 3913 ut
1068 3852 1206 3911 antistro-

67 3934 138 4073 pha,
153 3940 237 4015 cujus
247 3937 367 4017 stropha
378 3957 437 3996 uno
446 3949 549 3997 tenore
560 3946 678 3996 cantata
686 3937 792 4011 fuerat,
808 3955 888 4000 nuuc
898 3933 1106 4016 particulatim,
1116 3933 1217 3994 intem

79 4028 208 4094 oquente
219 4017 390 4078 idemtidem
401 4021 486 4092 Ione,
495 4019 672 4082 conaturrin
683 4038 742 4098 qua
751 4038 784 4078 re
792 4017 1005 4080 observandum
1015 4027 1070 4090 est,
1080 4015 1207 4096 syllabas

67 4097 171 4158 finales
185 4119 321 4160 versuum
335 4111 366 4160 et
380 4101 598 4181 strophicorum
618 4111 650 4160 et
669 4101 914 4181 mapaesticomm
935 4118 995 4159 non
1019 4098 1053 4157 iis
1077 4096 1207 4178 syllabis,

69 4198 136 4258 quae
151 4179 182 4238 iu
196 4201 313 4261 quoque
327 4202 436 4264 genere
446 4182 607 4243 succedere
621 4182 779 4254 debebant,
794 4182 846 4247 sed
860 4181 895 4241 iis
909 4200 975 4265 quae
990 4198 1093 4241 revera
1106 4180 1207 4241 statim

67 4274 243 4340 sequuntur,
257 4265 294 4323 ab
309 4267 401 4324 altero
421 4265 632 4345 pronunciata,
647 4265 883 4330 accommodatas
896 4283 969 4325 esse.
1011 4261 1217 4342 Antistropha'

67 4341 117 4403 illa
141 4344 207 4405 haec
226 4357 289 4408 est:
309 4344 620 4426 versusqanapaesticos
638 4359 738 4409 autern
751 4347 879 4434 diductis
899 4345 1004 4410 litteris
1025 4344 1167 4406 distinxit
