2694 4866
396 256 456 319 na
477 252 620 331 vassu
640 186 890 325 rrsrsorco.Q
938 342 940 351 X

131 474 194 513 nam
205 471 249 511 mc
256 454 327 512 visua
337 452 419 510 bomo
427 453 520 526 pulcer
527 471 576 527 per
587 469 691 510 amana
702 453 794 509 saliem

128 541 159 585 et
169 529 240 599 ripas
251 537 363 598 raptare,
380 527 508 597 locosque
520 543 605 582 novos
612 545 620 582 a
627 551 648 569 ··
655 525 694 581 ita
702 524 761 581 sola

129 599 248 672 postilla,
264 616 388 670 gerniaca
400 615 483 664 soror,
500 614 588 653 errare
600 596 716 661 videbar,

127 672 256 742 tardaque
268 669 407 747 vestigare,
425 680 453 724 et
465 686 583 741 quaerere
595 678 659 743 te,-
667 684 754 741 neque
759 683 839 790 posse
918 729 920 732 y

130 742 212 796 corde
225 757 376 812 capessere:
395 740 489 796 semita
500 739 574 794 nulla
585 739 680 810 pedem
692 737 759 794 stabi
770 739 834 796 ibat.

79 867 230 926 nqnorum
240 865 375 907 versuum
386 845 488 906 ultimo
503 842 814 916 etiamsextacaesura,
826 841 992 923 culparum
1003 844 1190 930 illaelegans,

79 949 157 989 tmen
171 929 210 986 ad
223 927 427 986 declarandam
441 926 690 1005 perturbationem
703 925 792 984 animi
805 923 889 987 valde
902 929 1128 992 accommodata
1136 947 1190 996 est.

100 1017 148 1072 16.
169 1009 371 1068 Memorabilis
394 1020 439 1067 est
461 1007 699 1087 quintadecima
719 1006 831 1077 incisio,
854 1027 919 1086 quae
933 1020 977 1077 est
991 1010 1022 1069 in
1035 1010 1092 1079 line
1105 1016 1193 1094 pedis¹

79 1092 162 1162 uinti,
184 1091 347 1170 improbata
370 1089 484 1148 Graecis
504 1088 714 1167 grammaticis,
751 1085 927 1150 Scholiastes
942 1091 1065 1152 Homeri
1078 1094 1190 1158 in‘cod.

79 1171 399 1244 larl.adillud10d.ss·
413 1175 464 1238 77.
1181 1193 1185 1197 ’

139 1293 223 1374 sigga
237 1294 288 1372 γὰρ
302 1289 334 1351 sit
344 1294 414 1350 amal
427 1289 497 1350 a’t'nv
511 1288 753 1368 vormamlptflae
765 1287 847 1368 μῦθᾳ,

136 1373 252 1456 χςίμαιτ’
264 1372 446 1452 ὁηιτὲζογπς,
569 1385 575 1393 ’

79 1510 96 1548 e
110 1489 202 1548 verbo
216 1478 454 1565 memoro-oiseis
466 1485 621 1554 disserens,
643 1484 684 1543 ita
697 1482 810 1544 scribite
832 1489 878 1546 nal
889 1484 936 1547 ltu
951 1488 995 1565 μὲν
1009 1490 1075 1568 ipat,
1091 1497 1194 1556 emt

79 1599 102 1631 at
117 1578 149 1639 εἰς
164 1570 240 1642 ariri,
260 1576 288 1629 τὶ
303 1567 327 1629 >l
339 1570 414 1648 pisy·
427 1575 478 1635 τοῖς
492 1573 543 1643 ἑξῆς
557 1565 716 1628 saalabim·
729 1567 793 1642 rii-fi
808 1565 953 1655 οὖδὲποτιᾶ
979 1576 1085 1642 titteris
1144 1576 1193 1645 ὄιος

79 1656 218 1736 »tripolitae
231 1654 337 1728 eclypsis
350 1649 500 1728 ἐπιδέχεται.
542 1647 670 1733 Egregia
683 1657 729 1706 0⁸8
741 1646 904 1717 Observfltio
925 1649 1111 1723 Bentleiiad
1159 1677 1193 1716 u·

79 1753 165 1794 anum
180 1732 206 1791 I.
222 1735 292 1794 ael.
306 1732 410 1792 merito
424 1729 550 1813 repetita
563 1749 581 1789 a
595 1726 763 1797 Gaisfordio
778 1729 816 1789 ad
828 1728 984 1808 Hephaeat.
992 1754 1022 1813 p.
1033 1737 1104 1811 370.
1133 1737 1193 1815 Lag

79 1818 134 1877 bos
148 1817 261 1895 poetas,
282 1833 373 1892 quum
387 1813 443 1873 hac
458 1831 568 1872 casura
582 1822 714 1883 utuntur,
735 1809 797 1869 fere
811 1809 840 1868 in
854 1823 941 1889 sexto
956 1815 1032 1897 pede
1046 1815 1118 1896 duas
1138 1839 1190 1899 po.

79 1917 125 1958 ere
139 1915 227 1956 voces
240 1894 466 1999 monosyllabas,
488 1906 522 1953 ut
536 1891 692 1977 Virgilium
704 1891 735 1951 in
747 1888 813 1952 Ecl.
826 1890 898 1954 VH.
912 1897 961 1957 35.

117 2011 201 2069 'nunc
213 2023 425 2106 temarmoreum
437 2029 489 2084 pro
500 2021 620 2082 tempore
632 2008 742 2064 lecimus
750 2018 824 2065 z-at
834 2019 875 2065 tu.

79 2116 226 2196 Exemplis,
248 2136 313 2194 quae
326 2115 375 2176 ille
389 2115 497 2188 attulit,
520 2114 595 2175 adde
610 2114 693 2192 Virg.
708 2110 819 2192 Georg.
836 2110 862 2173 1.
877 2115 947 2180 370.

128 2246 157 2290 at
169 2236 263 2290 Boreae
276 2235 309 2290 de
321 2244 399 2306 parte
411 2234 490 2289 trucis
502 2251 584 2307 quum
592 2211 753 2316 lulminat,-
761 2239 789 2285 et
802 2248 892 2302 quum.

79 2339 118 2398 ted
131 2340 211 2418 quod
225 2339 301 2399 idem
317 2337 479 2410 contendit,
501 2337 612 2416 aliquot
637 2330 786 2413 exemplis
804 2347 964 2414 permotus,
986 2339 1118 2401 eamdem
1141 2361 1187 2404 ra·

79 2422 164 2481 ionem
178 2440 252 2492 esse,
274 2440 364 2499 quum
378 2419 520 2500 disyllaba
532 2439 602 2494 vox,
622 2419 674 2479 sed
689 2415 825 2495 repetita,
844 2431 966 2486 sextum,
975 2421 1081 2502 pedem
1094 2433 1185 2496 tenet,

81 2513 91 2561 t
103 2502 181 2582 apud
195 2502 299 2580 Virgil.
313 2501 379 2562 Ecl.
393 2502 447 2563 VI.
460 2507 510 2563 39.

125 2620 256 2694 incipiant
268 2621 341 2676 silvae
351 2637 431 2693 quum
443 2620 556 2692 primum
570 2636 712 2692 surgere·
720 2638 860 2694 quumque.

79 2731 134 2809 pud
147 2731 301 2789 Lucanum
315 2727 386 2789 v11.
400 2733 470 2790 350.

125 2846 175 2918 ipsi
186 2846 239 2901 tela
252 2853 346 2916 regent
357 2860 406 2916 per
418 2843 521 2901 viscera
530 2845 655 2912 Caesalis,
670 2838 730 2918 ipsi,

79 2950 135 3028 pud
144 2949 309 3028 Virgilium,
324 2949 393 3007 AEn.
406 2949 443 3008 V.
457 2952 528 3012 633.

124 3068 230 3122 nullane
237 3069 293 3139 jam
305 3061 394 3138 Trojae
407 3066 528 3122 dicentur
540 3066 645 3140 rnoenie,
653 3097 672 3109 -
680 3085 822 3142 nusquam,
890 3135 894 3141 Δ

79 3169 107 3227 rbi
120 3172 173 3229 etsi
186 3190 245 3228 non
259 3189 317 3229 vox
338 3170 452 3244 eadem,
474 3181 504 3229 at
518 3188 619 3229 sensus
633 3166 731 3230 tamen
744 3169 823 3230 idem
836 3169 971 3231 iteratum
993 3173 1024 3232 id
1044 3178 1184 3256 argutius,

79 3268 141 3326 pam
161 3251 257 3310 verius
277 3251 389 3311 dictum
403 3263 486 3332 puto.
528 3248 715 3331 Omninoque
729 3251 880 3312 obscurior
893 3262 938 3312 est
952 3255 1036 3328 ratio,
1058 3278 1117 3336 qua
1130 3279 1184 3320 ex.

79 3330 163 3406 litare
176 3333 219 3390 vir
232 3352 361 3392 summus
375 3344 405 3392 et
419 3334 477 3392 hoe
490 3343 529 3393 et
540 3333 612 3392 duas
626 3333 695 3393 istas
710 3333 923 3413 monosyllabas
943 3354 1031 3394 voces
1051 3353 1184 3414 conatur,

79 3431 139 3473 nore
152 3435 204 3474 suo
219 3415 257 3473 ad
270 3433 406 3474 arcanam
419 3415 544 3478 musices
558 3415 701 3479 rationem
715 3434 890 3495 provocans:
911 3435 1001 3494 quam·
1011 3418 1105 3499 aiipse
1114 3424 1183 3488 satis
1221 3471 1224 3488 ,

79 3496 231 3573 explicatam
244 3496 402 3570 habuisset,
422 3516 519 3578 neque
540 3516 695 3570 arcanam,
707 3499 821 3575 opinor,
843 3497 1055 3576 appellarisset,
1076 3514 1107 3562 et
1131 3524 1185 3566 ex.

79 3592 175 3651 imere,
196 3597 284 3657 quam
309 3578 433 3656 digitum
456 3579 493 3637 ad
518 3597 582 3638 eam
603 3577 756 3638 intendere
779 3577 936 3646 maluisset.
979 3576 1124 3642 Nimirum
1142 3586 1187 3644 vir

79 3659 178 3719 nimius
192 3671 279 3719 acute
292 3660 410 3729 sentire,
432 3659 502 3739 quid
516 3672 608 3733 recte,
629 3660 700 3738 quid
711 3679 797 3732 secus
810 3659 904 3732 lieret,
924 3659 1047 3732 solebat,
1068 3665 1183 3728 sedex.

79 3738 163 3802 licare
187 3761 267 3800 nunc
288 3741 416 3811 nolebat,
437 3741 597 3813 annualia,
618 3760 706 3821 quam
730 3741 866 3814 debebat,
886 3739 934 3801 via
947 3737 1193 3825 aggrediebatur(

79 3821 131 3881 llihi
145 3823 263 3902 quidem
278 3842 317 3882 ex
328 3823 383 3882 illis
397 3822 510 3883 duabus
524 3822 771 3883 observationibus
783 3823 848 3882 haec
857 3833 971 3896 tautum
982 3844 1050 3886 vera
1059 3825 1192 3902 videtur,

79 3921 120 3980 uae
133 3917 178 3964 est
191 3905 229 3964 de
244 3904 356 3964 duabus
370 3907 399 3965 in
413 3916 498 3965 sexto
513 3905 588 3984 pede
598 3905 718 3964 vocssrus
732 3905 949 3985 monosyllabis,
968 3907 1089 3968 alteram
1104 3914 1185 3972 casui
1209 3944 1214 3967 r

79 3985 239 4046 ribuendam
250 3996 334 4066 putu.
376 3987 453 4046 Nam
467 3987 556 4046 etiarn
569 3987 631 4048 sine
645 3985 820 4068 repetitione
833 3987 974 4068 disyllaba
987 4007 1046 4049 vox
1059 4010 1127 4052 eum
1140 3995 1184 4056 lo·

79 4086 120 4127 um
134 4080 228 4142 tenet,
250 4068 327 4129 utin
341 4067 412 4133 AEu.
427 4067 465 4131 X.
482 4076 550 4134 195.

123 4187 259 4259 ingentem
270 4186 349 4242 remis
361 4189 525 4245 Centaurum
534 4198 686 4262 promovet:
698 4187 779 4259 rille.

79 4289 113 4350 ed
126 4310 218 4371 quum
233 4289 378 4353 sentirent
389 4296 493 4375 puritas,
513 4292 564 4355 ubi
576 4291 633 4355 iata
646 4312 756 4356 cesara
777 4302 938 4367 uterentur,
959 4292 1045 4356 nimis
1067 4295 1185 4360 brevem
