2694 4866
147 312 206 370 no
509 260 589 360 ms'.
611 299 654 360 ιι.
676 298 768 360 cur.
791 298 907 361 xxm.

214 491 263 546 viri
275 489 327 546 mei
337 488 388 545 fuit
399 488 463 544 mihi
492 486 593 545 otestas
601 487 710 544 viddndi

148 574 180 618 10
214 573 320 616 noctem
334 562 413 615 unam
425 506 517 616 modo.
536 559 617 632 dtque
627 560 650 615 is
662 557 771 631 repente
782 557 846 614 abiit
856 557 873 613 d
884 576 927 615 me

214 651 284 687 nnnc
295 632 358 686 binc
369 643 431 687 ante
442 632 542 687 lucem:
564 631 620 687 sola
630 631 674 685 blo
684 630 748 684 mihi
756 647 826 684 nunc
837 630 938 696 videor,

214 703 329 774 quiaille
338 703 399 757 binc
411 703 495 767 abest,
507 721 583 774 quem
594 732 609 741 -
618 719 666 772 ego
678 701 738 756 amo
750 710 845 771 practer
855 700 950 757 dmnis.

217 775 277 845 plus
288 773 358 845 aegri
367 791 400 829 ex
413 791 446 828 eo
457 774 530 828 snitu
542 774 599 839 ciri,
616 790 693 844 quam
703 790 737 827 ex
748 771 864 827 adventu

212 845 354 915 voldptatis
366 845 433 916 cepi.

146 925 177 972 15
213 917 259 971 sed
271 916 322 971 boc
333 934 376 972 me
387 916 448 971 neat
459 915 562 982 saltem,
579 913 701 988 quoniam
710 912 853 986 perduellis
887 928 892 939 ¹

213 988 286 1053 vicit,
297 998 349 1042 -et
361 987 468 1042 domum
479 985 564 1042 laudis
576 986 684 1058 compos
699 984 810 1040 revenit.

167 1094 174 1115 ³
215 1061 295 1113 absit:
314 1057 457 1113 dummodo
468 1056 630 1129 laudepdrta
642 1057 750 1111 domum
759 1073 788 1111 se

181 1154 201 1181 ν
212 1128 333 1212 recipiat:
352 1127 434 1184 seram
446 1128 474 1183 et
484 1127 612 1200 perferam
624 1130 642 1181 ii
673 1145 706 1182 ue
718 1127 816 1182 abitum
828 1129 885 1198 ejus
896 1124 985 1181 tuimo

213 1198 366 1283 feruetque
377 1200 532 1254 obfirmabo:
551 1200 579 1254 id
590 1199 652 1254 mod
683 1199 705 1254 si
716 1197 845 1252 mercedis

146 1281 179 1324 20
214 1271 292 1324 datur
303 1289 348 1336 rm,
365 1281 395 1324 ut
407 1271 481 1325 meus
492 1269 575 1326 victor
587 1272 626 1325 uir
638 1268 700 1324 belli
713 1267 809 1335 clueat,

215 1343 277 1395 satis
286 1341 322 1394 mi
334 1359 392 1396 esse
404 1341 512 1395 discamz
528 1341 611 1396 virtus
622 1340 759 1412 praemium
769 1339 907 1412 optumum
915 1347 967 1393 est:
1018 1365 1023 1371 ·
1076 1338 1081 1347 ⁴
1175 1380 1177 1387 ,

214 1412 297 1466 virttis
308 1413 429 1468 onnibds
442 1413 518 1467 rebus
530 1412 615 1467 inteit
628 1411 761 1482 prolecto:

215 1482 332 1548 libertas,
348 1483 428 1548 saltis,
444 1483 507 1547 vita,
524 1482 575 1549 res,
593 1495 621 1536 et
632 1481 764 1553 parentes,

215 1564 243 1609 et
253 1553 345 1625 pistris,
362 1564 390 1608 et
401 1553 519 1624 prognati
532 1553 661 1618 tutantur,
677 1552 828 1607 servitutum

147 1634 180 1681 25
215 1625 297 1679 virtus
308 1625 397 1679 omnin
408 1626 436 1678 in
446 1642 503 1681 sese
514 1624 606 1680 babet:
620 1624 733 1678 -omnia
744 1622 839 1678 {assunt

214 1697 293 1762 bona,
311 1696 387 1767 quem
400 1713 481 1768 penes
493 1706 534 1753 est
545 1697 636 1752 virtus.
701 1724 710 1731 -
727 1706 730 1713 ’

149 1813 261 1873 Primos
281 1814 446 1894 quindecim
460 1834 567 1888 versus,
589 1816 613 1876 si
627 1816 696 1876 satis
709 1817 747 1876 de
759 1815 924 1876 hexametri
938 1834 993 1874 usu
1013 1826 1171 1889 constaret,
1195 1810 1254 1875 nihl

102 1890 121 1924 ·’
145 1895 307 1973 impediret,
330 1896 398 1975 quin
413 1898 599 1958 hexametros
610 1899 709 1958 facere
722 1897 832 1958 liceret.
865 1896 903 1957 V.
919 1904 947 1959 3.
956 1897 998 1955 ita
1008 1894 1127 1957 Reizius
1137 1898 1254 1958 ordinem

144 1979 298 2035 verborum
321 1978 481 2037 constituit.
496 1986 506 1997 '
523 1979 562 2038 V.
586 1985 616 2040 4.
638 1979 735 2058 vulgo,
756 1979 797 2038 ito
820 1978 864 2038 dis
876 1978 1024 2059 placitam.
1065 1978 1103 2039 V.
1125 1985 1154 2040 9.
1168 1979 1253 2056 vulgo,

145 2059 211 2118 dum
226 2058 282 2117 uiri
295 2059 350 2117 mei
363 2059 560 2142 midipotestcs
580 2061 693 2122 uidendi
699 2062 776 2139 sud.
823 2059 860 2119 V.
877 2064 923 2122 ll.
937 2059 966 2116 in
980 2058 1123 2138 principio
1136 2080 1207 2120 nunc
1215 2058 1272 2131 ud,

146 2138 218 2212 didi,
239 2151 310 2200 etv.
327 2145 373 2202 13.
387 2160 429 2202 eo.
470 2141 507 2202 V.
525 2149 571 2205 16.
585 2161 697 2214 vereor,
719 2160 757 2200 ne
770 2138 878 2219 aliquid
891 2140 955 2218 vitii
965 2139 1111 2219 reliquum
1124 2141 1179 2201 site
1198 2158 1253 2220 pro·

109 2285 112 2291 Ι
144 2219 246 2280 ductio
260 2222 336 2280 enim
351 2234 383 2281 ut
397 2222 531 2283 excusari
543 2223 637 2302 possit
657 2231 779 2300 propter
797 2221 1073 2299 interpunctionem,
1093 2222 1192 2282 damen
1211 2220 1255 2279 dis·

69 2340 73 2356 .
144 2301 245 2381 plicet,
266 2302 334 2381 quia
346 2302 440 2362 minor
452 2304 517 2363 haec
529 2303 727 2382 interpunctio
740 2312 795 2361 est.
838 2303 877 2362 Et
891 2321 980 2380 quum
993 2303 1126 2382 quoniam
1144 2304 1175 2362 in
1194 2321 1275 2382 prm,

84 2382 88 2389 '
147 2383 271 2442 cedente
281 2403 366 2442 versu
380 2405 424 2464 qm
438 2384 577 2463 scriptum
592 2386 628 2442 sit
642 2384 673 2440 in
687 2383 774 2443 codd.
787 2381 954 2453 videndum,
975 2401 1013 2442 ne
1027 2382 1094 2442 brec
1106 2385 1213 2444 rectius
1223 2384 1255 2441 ita

146 2463 371 2534 constituantur,
400 2485 481 2544 quom
502 2463 655 2545 perduellis
678 2464 754 2535 vicit,
776 2485 858 2544 quom
871 2465 980 2523 domum
998 2463 1254 2546 badis-conpone

106 2567 111 2573 ·
145 2544 231 2603 uenit.
273 2543 368 2602 Recte
388 2564 420 2603 se
434 2545 563 2605 tuebitur
581 2544 736 2625 productio
760 2566 789 2605 v.
805 2550 854 2606 25.
894 2546 968 2611 Quae
982 2544 1083 2604 iufine
1101 2567 1129 2605 v.
1146 2543 1254 2609 16.vul·

117 2643 122 2649 ·
146 2642 186 2703 go
207 2622 306 2684 addita
329 2636 398 2684 sunt
421 2627 523 2696 verba,
545 2627 577 2687 id
599 2625 698 2687 solatio
721 2637 771 2699 cst,
792 2625 896 2699 delevi,
917 2624 985 2704 quia
998 2625 1134 2687 codicum
1148 2638 1178 2687 et
1198 2620 1257 2686 edd

38 2760 43 2771 Ι
144 2715 217 2766 vett.
239 2705 339 2778 lectio,
359 2703 389 2766 c‘n
411 2705 512 2768 solatio
535 2717 585 2780 est,
605 2706 874 2789 interpretationem
897 2707 961 2765 haec
982 2725 1045 2766 esse
1070 2709 1165 2786 arguit
1187 2703 1253 2766 verbi

146 2785 219 2848 beot.
259 2788 296 2850 V.
310 2793 359 2850 21.
374 2789 472 2869 vulgo,
488 2790 638 2870 praemc'om
653 2799 694 2849 est
715 2791 856 2870 optimum.
900 2788 1040 2868 Optimum
1054 2788 1113 2860 bic,
1136 2800 1168 2848 ut
1191 2785 1254 2857 alibi,

147 2870 240 2949 prima
252 2870 333 2929 brevi
347 2881 402 2930 est.
444 2869 482 2930 V.
496 2876 544 2931 25.
557 2872 588 2930 in
601 2891 660 2930 sese
673 2890 726 2949 pro
739 2871 769 2941 tn
783 2891 813 2929 sc
825 2867 949 2949 praebuit
962 2868 1058 2928 codex
1072 2868 1231 2950 Lipsiensis.

19 2984 23 2993 ·
186 2957 216 3014 9.
238 2951 335 3011 Etiam
349 2951 492 3023 clausulas
504 2950 613 3010 habent
634 2951 781 3010 interdum
805 2949 970 3022 Bacchiaci,
991 2969 1098 3030 easque
1121 2950 1252 3019 iambicos,

56 3039 57 3042 ’
148 3044 180 3092 ut
194 3031 273 3112 apud
287 3032 457 3091 Terentium
471 3031 501 3090 in
516 3033 612 3091 Andr.
623 3031 681 3092 111.
693 3036 722 3106 2,
737 3038 767 3092 4.

216 3165 288 3237 quod
292 3165 358 3235 jussi
370 3164 396 3220 ei
407 3165 463 3220 dari
474 3164 563 3221 bibere
574 3175 602 3221 et
614 3164 741 3237 quintum
751 3165 885 3238 impertiri,

251 3235 325 3290 datez
344 3237 406 3292 mdx
418 3255 467 3308 ego
475 3236 528 3292 buc
538 3236 666 3293 revertor.

150 3357 265 3417 Harum
289 3359 423 3439 exempla
442 3369 510 3418 sunt
530 3359 617 3418 etiam
640 3358 717 3439 apud
728 3358 874 3419 'Plautum
888 3359 919 3417 in
933 3359 1064 3422 Mostell.
1079 3359 1103 3418 l.
1118 3365 1147 3422 2.
1161 3377 1213 3439 quo
1228 3354 1250 3412 in

146 3439 223 3512 loco,
243 3438 297 3497 nisi
310 3440 376 3500 libri
389 3459 442 3500 nos
454 3439 559 3501 fallunt
572 3441 601 3498 in
615 3440 671 3500 hac
690 3453 750 3500 tam
764 3441 839 3500 male
859 3439 958 3500 habita
977 3441 1084 3513 fabula,
1106 3441 1190 3501 etiam
1209 3434 1248 3496 tri·

147 3520 333 3663 Ivlldtertinduqffl
346 3521 540 3582 inveniuntur.
582 3522 678 3582 Scena
691 3521 746 3582 ista
766 3522 804 3581 ad
825 3522 904 3581 bunc
924 3521 1042 3582 modum
1063 3517 1248 3584 constituenda

217 3720 383 3776 Recordatus
394 3721 505 3776 multum
514 3730 542 3776 et
553 3720 599 3776 din
611 3721 731 3793 cogitatu,

216 3792 420 3862 argumentoque
431 3792 459 3844 in
490 3802 563 3847 ectus
575 3793 659 3849 multa
669 3790 780 3849 institiri

215 3861 468 3987 essetnec.
481 3863 623 3988 mm
634 3864 679 3988 ct
688 3863 760 3947 ‘³⁸⁰³
771 3860 834 3916 ml*

166 4009 182 4054 5
216 4000 350 4057 bominem
362 4001 457 4075 quoius
468 4002 516 4066 rei,
527 3950 744 4074 quandgunddlu'st,
933 4060 940 4070 ,

218 4071 329 4126 similem
340 4073 399 4128 esse
410 4071 559 4138 arbitrarer,
576 4073 794 4146 simuldcmmque
805 4072 938 4129 haberem.

252 4141 281 4193 id
292 4143 393 4214 repperi
401 4147 457 4216 jam
468 4142 627 4214 exemplum.

217 4209 344 4266 nostrum
355 4215 452 4268 oedium
464 4213 523 4271 esse
533 4214 645 4269 arbitror
656 4213 767 4268 similem
779 4232 828 4286 ego
839 4214 981 4283 bominem,

216 4283 322 4355 quando
333 4282 377 4340 bio
388 4296 466 4342 natus
478 4285 534 4344 est:
552 4284 578 4342 ei
588 4284 628 4340 rei
639 4284 791 4356 argumenta
802 4286 897 4342 dicam.
