2694 4866
191 277 252 339 474
561 286 642 353 LIB.
664 290 722 355 111.
743 293 837 358 CAP.
858 295 958 358 XXII.

194 441 286 542 multo
301 455 367 541 post
380 445 508 526 demum,
522 474 549 515 v.
566 460 636 520 805.
649 479 687 520 ex
703 462 871 524 Aristotelis
889 464 1058 527 definitione
1071 467 1204 546 parodus
1220 476 1272 542 est,
1287 468 1313 528 in

195 544 278 604 cujus
291 528 387 587 medio
401 533 526 611 epodum
541 537 612 598 fecit
625 545 731 620 po‘e‘ta:
752 546 828 618 vide,
851 565 915 624 quae
939 567 1026 628 snpra
1050 548 1113 607 dixi
1140 569 1208 630 cap.
1224 556 1252 623 3,
1272 555 1311 612 16.

194 625 223 683 p.
239 611 309 702 347.
324 627 384 688 seq.
399 612 556 691 Parodum,
570 621 731 700 Iphigeniae
745 625 775 684 in
791 627 912 701 Aulide,-
922 627 953 685 in
966 649 1024 708 qua
1037 628 1105 689 duae
1126 632 1220 711 vulgo
1238 631 1310 711 epodi

196 700 363 749 constituta
376 705 453 766 sunt,
478 717 537 757 non
561 715 641 763 recte
666 706 730 783 quis
753 708 837 767 nobis
857 722 994 789 opponat.
1035 711 1115 770 Nam
1130 732 1172 772 ne
1185 725 1310 792 repetam

195 771 275 868 qupd
285 776 441 871 supradixi
455 798 484 856 p.
499 786 568 845 353.
583 803 641 843 non
655 786 747 846 videri
759 788 817 848 hoc
831 808 948 850 carmen
958 791 1106 872 Euripidis
1117 813 1195 866 esse,
1208 813 1246 854 ne
1257 804 1312 854 stmt

196 855 313 936 qu1dem
326 877 357 915 rn
370 881 406 955 eo
421 858 487 918 duae
500 865 597 943 epodi,
621 866 726 947 siquid
739 869 835 943 video,
849 891 938 950 quum
959 885 1106 953 postrema
1120 894 1190 955 pars
1203 894 1259 934 non
1270 876 1312 934 ob·

196 963 281 1005 scura
301 954 450 1004 contineat
464 946 737 1027 antistrophicorum
751 951 881 1031 vestigia.

236 1035 267 1090 5.
283 1026 489 1089 Confitendum
509 1038 563 1101 est,
587 1031 679 1090 multa
702 1031 732 1089 in
753 1032 812 1091 hoc
834 1052 942 1112 genere
962 1033 1082 1094 testium
1103 1037 1230 1117 penuria
1242 1034 1311 1096 nobis

194 1112 296 1171 latere.
337 1110 433 1167 Tanto
455 1108 653 1188 diligentiores
676 1131 739 1172 esse
760 1112 900 1174 debemus
923 1115 953 1172 in
975 1114 1011 1173 iis
1033 1117 1125 1177 rebus
1146 1118 1309 1180 notandiaet

196 1191 422 1262 considerandis,
446 1191 525 1250 unde
548 1191 585 1249 de
608 1193 662 1264 his,
688 1213 753 1273 quae
777 1195 949 1256 testimoniis
965 1195 1106 1258 destituta
1119 1212 1200 1274 sunt,
1219 1199 1310 1263 adleta

197 1276 366 1352 conjectura
379 1272 535 1351 probabilis
550 1273 614 1352 capi
637 1276 738 1353 possit.
784 1278 860 1336 Nam
876 1278 930 1338 etsi
943 1279 1132 1338 temerarium
1158 1281 1243 1353 foret,
1260 1290 1307 1339 sta·

196 1356 258 1427 tim,
274 1375 339 1434 quae
352 1354 415 1414 fieri
428 1354 586 1434 potuerint,
606 1357 685 1416 facta
699 1358 889 1420 contendere:
911 1370 1018 1430 tamen,
1031 1379 1093 1439 quo
1128 1362 1194 1422 lura
1205 1360 1269 1421 artis
1280 1377 1308 1420 ac

195 1438 355 1514 discipline
373 1435 523 1516 cujusdam
536 1437 658 1515 vestigia
670 1438 701 1495 in
714 1438 770 1498 hac
784 1451 867 1518 parte
880 1442 1002 1520 poeseos
1015 1382 1268 1521 deprehendimus,
1279 1458 1307 1501 eo

194 1519 374 1578 verisimilius
388 1529 443 1589 est,
457 1537 515 1576 non
524 1528 634 1579 temere
647 1538 727 1577 nunc
739 1532 907 1602 usurpatam
917 1541 980 1582 ease
994 1522 1136 1602 epodum,
1150 1522 1306 1584 nuncomis·

37 1584 41 1591 ⁵
114 1609 118 1615 '
195 1619 386 1679 samgneque
397 1598 522 1658 defuisse
536 1599 671 1659 idoneam
685 1600 837 1676 rationem,
852 1623 941 1682 quum
956 1622 1020 1663 eam
1033 1604 1305 1675 inmediocanutue,

193 1692 224 1740 et
239 1701 328 1761 quum
342 1682 372 1739 in
385 1681 443 1740 fine
457 1681 579 1760 positam
593 1681 734 1743 videmus.
775 1685 944 1744 Cavendum
959 1696 1004 1744 est
1018 1698 1121 1745 autem
1135 1702 1304 1766 magnopere,

192 1782 241 1837 ne,
256 1764 334 1843 quod
348 1783 407 1823 uno
419 1763 450 1820 in
464 1762 591 1823 carmine
604 1764 651 1823 vel
660 1764 774 1824 dnobus
784 1776 885 1844 aptum
895 1766 1038 1838 videatur,
1048 1767 1149 1827 statim
1160 1788 1212 1848 pro
1222 1764 1304 1845 regula

192 1848 319 1906 vendas:
340 1849 433 1924 maJus
447 1845 524 1904 enim
537 1845 625 1904 hodie
639 1846 675 1905 ab
689 1846 807 1924 regulis,
822 1866 909 1925 quam
929 1857 998 1907 ante
1019 1849 1058 1907 ab
1083 1850 1249 1929 regularum
1268 1847 1301 1925 ip

191 1929 336 1998 norantia,
350 1926 512 2006 periculum
526 1926 668 1988 imminet.
708 1927 784 1986 Nam
805 1928 942 2008 exempla
958 1947 1018 1987 non
1043 1928 1159 1990 faciunt
1182 1929 1301 2009 regulam.

193 2011 245 2069 sed
269 2020 447 2089 sequuntur:
476 2019 666 2088 naturamque
689 2008 732 2067 rei
756 2011 897 2088 cujusque
922 2010 1105 2088 cognovisse,
1130 2011 1163 2070 id
1185 2031 1251 2071 vero
1270 2017 1301 2070 etl
1343 2043 1344 2049 κ

192 2090 324 2151 simulet
341 2090 509 2167 regularum
521 2090 644 2160 fontem,
658 2100 688 2148 et
702 2091 910 2169 exceptionum
930 2101 1041 2152 tenere.
1108 2087 1112 2093 ’
1229 2140 1232 2145 .

233 2179 263 2234 6.
285 2173 333 2230 De
357 2170 531 2230 carminibus
554 2169 684 2248 epodicis
708 2171 825 2250 quidem
846 2171 917 2252 qnid
940 2172 1011 2231 mihi
1033 2174 1178 2247 videatur,
1203 2192 1238 2235 eo
1257 2170 1299 2231 lint
1340 2177 1344 2234 l

193 2252 415 2314 communicabo
429 2271 496 2311 cnm
509 2251 674 2312 hominibus
688 2251 797 2324 doctis,
808 2268 852 2325 ut,
874 2252 899 2311 si
922 2254 994 2333 quid
1013 2254 1043 2313 in
1057 2255 1103 2316 his
1117 2256 1181 2316 veri
1192 2254 1265 2328 insit,
1279 2249 1300 2311 il
1339 2258 1344 2333 ξ

193 2336 317 2415 amplius
330 2333 528 2413 pervestigari,
543 2344 573 2392 et
586 2332 649 2392 aliis
669 2333 790 2394 fortasse
803 2334 982 2412 argumentis
1002 2337 1049 2395 rel
1072 2337 1253 2408 confirmare,
1266 2330 1300 2393 tel
1338 2340 1344 2377 l

193 2416 300 2494 corrigi
314 2415 416 2494 possit.
456 2415 493 2485 In
517 2425 599 2473 tanto
624 2415 742 2493 aequalis
762 2414 971 2475 distributionis
985 2415 1300 2497 studi0‚·quodutiqu
1337 2402 1344 2461 l

192 2500 223 2558 in
238 2499 408 2557 Graecorum
424 2495 504 2575 poesi
517 2496 633 2555 scenica
647 2497 836 2577 conspicuum
851 2509 906 2570 est,
919 2499 969 2557 vix
982 2509 1079 2578 potest
1092 2499 1229 2571 dubitari,
1246 2494 1299 2577 quit
1336 2502 1344 2544 t

192 2581 332 2640 stationes
351 2577 611 2656 conversionesque
632 2577 714 2637 chori
734 2598 802 2638 cum
822 2579 950 2658 ipsorum
971 2580 1134 2640 carminum
1156 2580 1298 2641 conform*
1313 2585 1344 2639 'l

192 2662 272 2722 tione
296 2659 524 2740 conjunctissimi
546 2658 663 2718 fuerint.
715 2662 819 2739 Itaque
841 2660 1097 2740 quemadmodum,
1123 2662 1149 2722 si
1171 2657 1299 2722 statiuis

192 2742 458 2823 explicationesqne
473 2741 554 2800 chori
568 2760 684 2821 qnoque
697 2740 727 2798 in
750 2743 817 2801 loco
842 2741 973 2820 cognitas
996 2742 1184 2817 haberemus,
1197 2743 1234 2804 de
1254 2757 1300 2800 ott·

192 2826 271 2885 mine
296 2824 415 2884 chorico
436 2828 555 2902 ejusque
579 2824 710 2902 partibus
729 2822 862 2902 judicare
885 2843 1045 2903 possemus,
1073 2825 1121 2902 ita
1138 2825 1258 2886 vicissim
1273 2837 1300 2881 ex

193 2907 322 2966 carmine
336 2905 373 2964 de
386 2905 511 2963 statione
525 2904 606 2962 chori
621 2907 790 2982 conjectura
803 2904 866 2964 fieri
880 2916 986 2984 potest,
1008 2906 1097 2966 etiam
1111 2907 1137 2966 si
1150 2907 1300 2987 plerumque
1331 2910 1344 2955 l

193 2990 222 3046 in
238 3007 274 3045 eo
288 2984 506 3045 consistendum
521 2995 574 3054 est,
590 2996 621 3043 ut
636 3005 700 3044 eam
713 2985 802 3045 fuisse
815 2997 966 3057 mutatam,
981 3007 1041 3047 non
1055 2982 1297 3068 etiam,quomodt
1330 2982 1344 3037 h

191 3079 304 3128 mutata
316 3066 414 3137 fuerit,
430 3065 631 3144 intelligamus.
673 3068 870 3132 Quamobrem
878 3068 939 3129 veri
951 3068 1044 3128 simile
1057 3068 1186 3144 videtur,
1200 3064 1299 3149 cpodlfl
1329 3073 1344 3146 lt

192 3152 234 3211 ita
247 3161 314 3212 acta
331 3168 405 3221 esse,
427 3159 458 3207 ut
474 3148 589 3220 chorus,
611 3149 680 3208 dum
701 3149 848 3228 stropham
862 3160 950 3229 atque
963 3150 1177 3228 antistropham
1190 3154 1297 3215 ansa
1329 3153 1344 3201 [Ξ

191 3234 265 3293 duas
292 3231 437 3312 oppositas
456 3242 554 3310 partes
584 3230 742 3290 orchestrae
770 3242 892 3302 teneret,
920 3231 1048 3311 epodum
1074 3243 1176 3294 autem
1203 3234 1298 3292 canertl
1327 3282 1329 3289 ,

190 3327 270 3377 stans
280 3316 310 3372 in
323 3312 420 3372 medio
431 3312 588 3372 orchestrae
597 3311 676 3373 loco.
719 3314 814 3379 Quam
829 3311 970 3372 rationem
984 3325 1108 3392 apparet
1117 3313 1215 3373 multis
1226 3307 1298 3371 molt
1326 3304 1344 3382 lt

190 3397 295 3458 variari
309 3395 449 3475 potuisset
471 3395 522 3453 sed
544 3393 616 3452 illud
639 3405 737 3453 tamen
761 3394 933 3473 aequalitatis
957 3395 1123 3456 observatio
1143 3407 1177 3455 ut
1189 3396 1297 3454 necettt·
1326 3398 1344 3467 fai

191 3480 266 3539 rium
281 3478 428 3557 postulare
449 3475 576 3547 videtur,
599 3475 727 3534 medium
752 3476 909 3535 orchestrae
930 3476 1026 3535 locum
1042 3476 1141 3557 epodo
1155 3472 1295 3537 contemta
1325 3478 1344 3549 ic

191 3562 261 3621 Non
275 3560 411 3619 abhorret
425 3558 482 3615 hoc
496 3558 532 3616 ab
547 3557 590 3628 iis,
606 3577 670 3635 quae
686 3555 798 3616 Marius
814 3556 980 3617 Victorinus
994 3557 1084 3638 refert
1106 3579 1137 3638 p.
1151 3562 1237 3621 2501.
1324 3554 1344 3612 la

232 3645 261 3707 7.
282 3642 364 3702 Idem
387 3639 558 3718 aequalitatis
581 3639 709 3698 studium
731 3639 761 3695 in
785 3638 925 3719 personis,
949 3657 967 3697 a
989 3638 1096 3718 quibus
1118 3639 1241 3700 carmina
1258 3634 1295 3693 isit
1324 3645 1337 3691 u

191 3725 381 3795 canebantur,
409 3720 586 3781 custoditum
617 3739 691 3792 esse,
719 3719 909 3779 certissimum
938 3730 1020 3799 puto.
1076 3720 1196 3782 Harum
1220 3728 1293 3778 anteo
1322 3720 1344 3774 ti

190 3806 374 3886 quadruplex
394 3803 511 3882 partitio
526 3802 647 3880 cogitari
667 3812 773 3881 potest.
791 3864 792 3868 ,
813 3801 891 3860 Nam
911 3812 963 3860 aut
983 3801 1080 3861 omnia
1099 3821 1120 3862 a
1140 3815 1202 3863 toto
1215 3800 1292 3861 mora
1321 3802 1344 3856 l:

189 3900 241 3948 aut
261 3887 358 3946 omnia
371 3905 387 3944 a
402 3885 531 3964 partibus
552 3885 740 3954 canebantur,
767 3893 818 3944 aut
844 3894 941 3962 partes
962 3882 1044 3942 chori
1070 3884 1215 3964 strophas.
1235 3888 1293 3966 totu}
1327 3948 1329 3957 ,

157 4004 160 4008 1
190 3970 298 4028 chorus
311 3968 448 4048 epodon,
464 3977 513 4024 aut
528 3977 606 4025 totus
621 3965 726 4024 charus
740 3965 882 4042 strophas,
898 3963 1027 4044 epodum
1041 3975 1142 4025 autem
1156 3982 1220 4045 pars
1231 3961 1290 4021 chor¹
1323 3966 1344 4047 ¹,i

190 4052 323 4109 canebat.
367 4049 506 4108 Omnium
530 4045 714 4105 usitatissima
734 4045 849 4106 videtur
876 4044 977 4105 divisio
999 4045 1029 4104 in
1050 4045 1111 4105 duo
1139 4044 1290 4108 hemiolou
1334 4095 1344 4101 .

190 4133 294 4190 fuisse:
314 4133 351 4190 de
366 4151 424 4210 qua
445 4130 550 4188 Pollux
566 4127 619 4187 IV.
637 4120 703 4192 107ss
717 4127 758 4187 ita
771 4125 880 4187 scribit:
903 4134 947 4189 ael
968 4127 1095 4210 ἦμοχᾶςιω
1109 4127 1137 4190 ii
1149 4136 1194 4190 ul
1206 4120 1289 4205 lamb
1320 4198 1321 4205 q

186 4221 233 4276 ael
246 4217 386 4294 ἁντιχοςίι.
405 4212 465 4272 ’ἔοικε
478 4210 503 4271 ii
516 4213 606 4270 saeo'tir
621 4206 679 4269 siam
694 4214 727 4269 ul
748 4213 807 4292 rgias
826 4211 948 4289 ira'patrae·
967 4210 1066 4270 o'aeo'caea
1085 4214 1141 4294 γὶς
1161 4215 1173 4271 0¹
1191 4203 1291 4302 mm}

189 4294 232 4359 >rio
246 4293 365 4376 διαιρεθῇ,
380 4300 406 4353 ai
420 4296 463 4371 μὲν
478 4299 593 4374 sedwa
606 4298 723 4351 sanstus
737 4290 849 4372 hexagio·
869 4291 973 4374 {samgar
993 4288 1019 4350 di
1029 4296 1123 4374 paige,
1144 4290 1290 4371 iptx'o'gut'·

187 4375 214 4441 δὲ
227 4374 381 4458 aitrqidoaau,
397 4377 537 4456 ἄντιχοςία.
579 4373 662 4454 Saepe
676 4383 775 4434 autem
795 4373 883 4434 etiam
906 4372 936 4433 in
955 4370 1173 4455 pluralium
1191 4367 1289 4433 dim

771 4511 787 4557 2
