2694 4866
256 287 336 349 LIB.
348 286 409 351 111.
423 286 515 350 CAP.
529 285 630 351 XXII.
652 286 711 348 DE
727 285 861 348 CARM.
881 282 1095 347 CHORICIS.
1118 310 1121 319 ·
1174 281 1235 347 473

419 742 421 747 ,
522 624 645 701 ‘CAR
671 625 799 702 XXII.

399 839 450 892 DE
477 837 713 889 CARMINIBUS
741 837 931 890 cfloltlms.

144 1009 173 1065 l.
194 1003 389 1063 Panormus
403 1011 448 1060 est
463 999 739 1079 antistrophicorum
752 1018 823 1060 usus
842 999 873 1058 in
897 999 1072 1059 carminibus
1095 996 1228 1058 choricis.

96 1086 163 1148 Sed
186 1085 251 1144 haec
274 1082 403 1143 carmina
428 1081 671 1160 quemadmodum
695 1081 772 1141 inter
792 1101 823 1141 se
838 1081 900 1160 ipsa
913 1080 1058 1152 differunt,
1074 1081 1115 1139 ita
1129 1080 1227 1151 etiam,

98 1166 184 1247 quod
197 1166 235 1226 ad
247 1164 390 1225 rationem
410 1163 648 1243 antistrophicam
668 1163 783 1235 attinet,
804 1162 914 1242 aliquid
927 1161 1099 1222 diversitatis
1108 1161 1227 1221 habent.

96 1249 224 1327 Loquor
237 1257 336 1306 autem
350 1264 429 1305 nunc
443 1245 480 1304 de
494 1245 529 1304 iis
542 1255 656 1304 tanturn
669 1243 802 1316 canticis,
813 1264 879 1324 quae
889 1245 926 1302 ab
939 1244 1106 1304 solochoro
1121 1262 1230 1302 canun-

95 1341 159 1403 tur,
174 1348 233 1389 non
247 1327 285 1387 de
298 1327 342 1398 iis,
356 1326 387 1384 in
402 1325 507 1406 quibus
527 1326 615 1386 etiam
639 1336 772 1385 actorum
793 1325 897 1405 sliquoe
910 1336 1007 1405 partes
1020 1337 1099 1385 sunt.
1144 1326 1184 1382 Et
1198 1324 1229 1382 in

95 1410 246 1490 tragoedia
259 1409 377 1488 quidem
390 1407 555 1486 longiorum
569 1406 651 1466 chori
665 1407 825 1466 carminum
846 1407 905 1466 duo
925 1425 1034 1486 genera
1054 1425 1232 1466 commemo·
1317 1416 1318 1421 ’

95 1503 214 1564 rantur,
228 1491 366 1569 parodus,
380 1499 411 1549 et
425 1489 583 1549 stasimum.
598 1487 773 1551 Aristoteles
787 1489 825 1549 de
838 1500 901 1548 arte
915 1490 995 1566 poelt.
1009 1509 1036 1548 c.
1055 1492 1100 1558 12,
1116 1492 1145 1551 7.
1159 1515 1231 1571 χοςο-

98 1583 149 1636 ruii
160 1572 196 1645 ld,
211 1570 323 1654 ποίςοδος
335 1573 389 1649 μὲν,
405 1575 418 1637 οἱ
433 1572 521 1656 agisa
535 1571 600 1644 λὶξος
614 1571 674 1631 ἵλοο
687 1579 775 1653 pegni·
790 1570 913 1647 wadripont
927 1569 961 1640 id,
975 1572 1051 1647 μίλος
1064 1599 1099 1650 χο
1116 1579 1143 1632 οῦ
1158 1578 1185 1632 ri
1199 1568 1234 1631 οἵ·

98 1681 139 1717 rw
151 1655 313 1715 οἱοοποίοοοο
333 1657 380 1715 acl
402 1655 531 1735 οςοχοιίοο.
575 1651 750 1712 Scholiastes
765 1650 911 1730 Euripidis
924 1651 1063 1711 metricus
1076 1599 1114 1711 ad
1128 1651 1234 1710 Phoen.

97 1739 175 1798 210.
188 1735 218 1793 in
232 1734 280 1795 ed.
295 1732 400 1794 Valck.
420 1742 494 1795 τοῦτο
514 1740 541 1794 ri
562 1734 637 1812 pisa
651 1732 773 1811 οτοίσομοο
786 1733 898 1806 λέγεται.
914 1733 973 1792 ‘o'rarr
986 1737 1039 1815 γὰς
1054 1737 1069 1793 ὅ
1080 1739 1154 1816 χοςός
1166 1736 1234 1809 μετὰ

96 1821 142 1883 sir
155 1814 263 1899 nicolao
277 1816 336 1898 λέγῃ
350 1843 376 1877 τι
387 1816 473 1896 pathos,
488 1821 573 1878 nirdam
593 1819 625 1894 τῇ
644 1816 768 1886 {maffia-u,
782 1817 892 1880 ἀκίνητος
911 1814 995 1890 pairac,
1009 1812 1133 1891 ποὶοομοο
1144 1820 1232 1875 zahri-

89 1923 156 1980 ,w-
170 1894 283 1980 πᾶςοὶος
296 1895 322 1958 di
334 1899 399 1957 ἔστιν
413 1894 462 1975 οἶδὲ
475 1904 554 1977 moi
563 1893 721 1973 βοὶοζοοοος,
736 1893 839 1976 qr’i'opcirs
848 1894 910 1974 οἴμοι
922 1899 955 1975 τῇ
966 1892 1044 1974 ἐξόδῳ,
1060 1896 1090 1962 ὥς
1104 1901 1142 1966 si,

183 2014 258 2086 οῖγοο,
272 2018 346 2086 ripa·
360 2017 452 2072 λοπτὶο
465 2010 534 2088 ἴχνος
548 2008 661 2092 ὶςβῦλης

181 2095 273 2154 ciSm.
659 2092 662 2097 ¹

140 2193 173 2251 2.
187 2190 256 2249 Non
271 2208 309 2250 ex
323 2189 403 2250 omni
415 2198 501 2269 parte
512 2187 698 2247 consentiunt
711 2187 758 2247 hae
770 2187 953 2248 definitiones
963 2189 1075 2267 parodi.
1115 2189 1232 2250 Nomen

95 2273 124 2334 si
138 2271 368 2344 consideramus,
378 2270 475 2331 verior
485 2269 630 2329 videbitur
640 2268 1059 2330 scholiastaeilliussententia:
1080 2271 1132 2331 sed
1142 2292 1232 2351 quum

97 2373 162 2415 non
175 2351 268 2434 possit
281 2350 417 2424 dubitari,
442 2351 513 2432 quin
538 2351 685 2412 interdum
708 2352 824 2420 chorus,
851 2352 901 2411 ubi
923 2353 1048 2431 primurn
1069 2354 1157 2423 canit,
1171 2373 1232 2413 non

97 2447 186 2499 totus
200 2445 297 2506 canat,
305 2433 358 2494 sed
371 2444 422 2495 aut
431 2433 621 2506 hemichoria,
630 2445 681 2492 aut
695 2432 800 2512 singuli
814 2432 901 2493 etiam
913 2445 1057 2506 amatores,
1069 2432 1146 2493 haud
1161 2436 1232 2504 scio,

93 2525 141 2578 'an
156 2515 342 2585 Aristoteles,
357 2514 408 2594 qui
428 2533 490 2574 nou
503 2525 615 2575 temere
627 2514 743 2574 videtur
762 2515 853 2573 totius
873 2516 955 2574 chori
978 2515 1027 2574 hic
1050 2518 1229 2577 mentionem

96 2597 217 2670 fecisse,
231 2617 291 2656 uon
305 2615 520 2676 quemcumque
532 2597 658 2676 primum
672 2596 754 2654 chori
768 2606 896 2667 cantum,
911 2597 963 2656 sed
971 2598 1095 2675 primum
1107 2617 1234 2657 concen-

95 2692 166 2741 tum
181 2678 307 2739 universi
321 2678 404 2738 chori
425 2678 553 2755 intelligi
575 2676 708 2737 voluerit.
760 2677 819 2742 Qui
840 2678 895 2737 etsi
908 2698 985 2758 saepe
999 2698 1017 2738 a
1029 2680 1147 2739 stasimo
1161 2680 1233 2737 nihil

97 2761 219 2823 differre
231 2759 358 2834 videtur,
371 2771 470 2820 tamen
491 2779 550 2819 nou
570 2759 707 2818 abhorret
726 2778 744 2818 a
764 2757 1021 2833 verisimilitudine,
1043 2765 1234 2839 conjunctum

98 2862 172 2906 eum
184 2841 274 2902 fuisse
288 2861 357 2902 cum
369 2842 487 2900 incessu
499 2841 626 2919 quodam
640 2839 732 2909 chori,
742 2840 898 2899 stationem
911 2860 993 2901 suam
1006 2842 1188 2922 occupantis,
1203 2853 1235 2902 et

99 2923 222 2986 ordines
235 2923 426 3003 explicantisr
446 2942 534 3003 quam
547 2941 637 2982 rema
650 2921 774 2982 stasimis
787 2921 911 2982 alienam
923 2923 1012 2983 fuisse
1026 2924 1165 2996 credibile
1180 2935 1236 2985 est.

144 3010 174 3067 3.
197 3006 255 3085 Ac,
270 3004 326 3064 nisi
338 3005 434 3081 fallor,
455 3005 543 3064 etiam
567 3004 597 3063 in
618 3004 803 3084 strophamm
827 3005 941 3065 ratione
962 3016 1007 3066 est
1020 3006 1139 3085 aliquid,
1155 3007 1235 3085 quod

97 3085 208 3170 paradi
230 3085 379 3166 proprium
403 3086 451 3147 sit.
503 3086 669 3166 Utrumque
689 3105 793 3164 genus,
807 3096 838 3145 et
851 3087 977 3165 parodus
991 3099 1021 3146 et
1034 3088 1159 3158 stasima,
1175 3090 1234 3147 hoc
1314 3161 1317 3165 ι

98 3168 260 3241 εόιῐιωιιιιε
272 3167 383 3227 habent
398 3167 477 3246 quod
490 3165 700 3244 antistrophica
712 3177 792 3238 sunt,
806 3167 964 3244 etquidem
978 3168 1028 3237 ita,
1038 3181 1070 3227 ut
1084 3171 1235 3248 stropham

89 3249 203 3312 ‘statim
217 3259 355 3329 sequatur
369 3247 560 3328 antistropha,
572 3247 652 3306 etsie
662 3247 811 3326 deinceps,
821 3249 845 3304 si
856 3266 973 3306 carmen
983 3269 1043 3308 non
1056 3269 1095 3310 ex
1109 3251 1232 3320 duabus,

98 3331 156 3394 sed
170 3350 209 3390 ex
223 3331 354 3409 pluribus
368 3328 494 3409 strophis
508 3338 633 3388 constat.
667 3327 728 3385 Ere
747 3328 874 3407 strophae
898 3341 997 3389 autem
1018 3327 1071 3392 etsi
1085 3331 1233 3392 interdum

98 3433 143 3474 ex
163 3411 250 3471 simili
273 3412 382 3491 geri'ere
405 3410 493 3470 metri
515 3410 602 3470 factae
622 3419 701 3478 sunt,
716 3419 815 3469 tamen
828 3409 943 3489 singula
955 3412 1139 3489 stropharum
1153 3415 1235 3494 paria

99 3495 226 3553 interae
241 3493 354 3554 diversa
367 3503 443 3553 suut.
485 3490 618 3552 Proodus
638 3493 668 3549 in
688 3503 794 3550 neutro
807 3511 916 3571 genere
931 3504 1101 3572 usurpatur;
1122 3495 1235 3574 epodus

102 3594 168 3636 non
182 3585 227 3634 est
239 3575 412 3635 necessaria.
1265 3621 1268 3625 .

112 3708 115 3713 ,
138 3662 176 3718 ’4.
193 3655 252 3716 Sed
267 3656 354 3737 epodi
367 3676 433 3729 usu,
448 3666 481 3715 ut
495 3653 619 3725 videtur,
634 3652 731 3714 differt
743 3655 870 3734 parodus
883 3675 901 3715 a
913 3655 1040 3716 stasimo.
1083 3657 1160 3716 Nam
1174 3670 1234 3718 sta·
1292 3675 1297 3684 “

100 3737 178 3799 sima
191 3739 318 3817 epodum
332 3758 391 3797 non
405 3737 461 3796 nisi
474 3737 505 3795 in
514 3736 573 3794 fine
586 3735 675 3795 totius
689 3737 824 3796 carminis
836 3737 955 3808 habent,
970 3739 1020 3798 ubi
1028 3739 1161 3799 absbluta
1171 3742 1234 3818 jam

103 3831 153 3881 est
166 3820 412 3901 antistrophamm
425 3817 593 3900 responsio:
627 3816 769 3898 Idemque
782 3818 845 3878 fieri
859 3831 956 3899 potest
969 3821 1056 3880 etiam
1070 3820 1099 3878 in
1109 3823 1233 3900 parodo,

102 3913 140 3962 ut
154 3901 185 3959 in
201 3902 366 3982 Hippolyto
378 3901 518 3961 videmus.
560 3899 621 3959 Sed
641 3899 752 3978 aliquot
771 3902 908 3982 exempla
920 3902 1021 3981 parodi
1035 3902 1234 3976 inveniuntur,

103 3982 236 4064 epodum
249 3985 279 4042 in
291 3982 388 4043 medio
398 3982 525 4044 carmine
538 3980 694 4041 habentia:
715 3983 794 4062 quod
808 4002 897 4062 quum
911 4002 1052 4062 nusquam
1066 3984 1177 4045 factum
1192 3988 1236 4045 vi-

103 4064 193 4125 deam
207 4064 238 4122 in
251 4064 385 4138 stasimis,
399 4064 548 4145 proprium
558 4063 589 4124 id
597 4062 701 4144 paradi
710 4082 774 4124 esse
787 4075 869 4145 puto.
910 4067 956 4125 Ita
970 4066 1000 4123 in
1014 4066 1148 4147 AEschyli
1164 4058 1235 4129 Per·

102 4145 144 4206 sis
159 4156 190 4205 et
205 4148 438 4224 Agamemnone,
453 4146 483 4203 iu
498 4144 645 4225 Euripidis
659 4143 766 4206 Oreste
780 4158 810 4208 et
826 4147 993 4208 Phoenissis.
1035 4148 1186 4229 Simulque
1200 4150 1234 4208 il-

102 4226 201 4288 ludin
216 4229 322 4287 Oreste
336 4227 503 4307 exemplum
525 4228 696 4287 confirmare
709 4229 855 4288 videbitur
868 4229 969 4309 parodi
984 4228 1182 4291 definitionem
1196 4235 1233 4292 ab

100 4309 266 4369 Aristotele
281 4310 414 4389 positam.
457 4309 534 4367 Nam
548 4328 638 4387 quum
657 4309 775 4382 chorus,
789 4311 840 4370 ubi
852 4311 978 4390 primunr
993 4311 1024 4370 in
1034 4331 1151 4374 scenam
1166 4334 1234 4395 pro-

98 4391 156 4465 dit,
171 4410 208 4450 ea
221 4390 310 4463 dicat,
326 4411 392 4471 quae
405 4389 573 4452 scholiastes
588 4389 736 4470 Euripidis
749 4391 843 4467 affert,
857 4413 885 4454 v·
902 4399 968 4456 ibo.

128 4529 133 4539 ι
175 4516 250 4564 crya,
266 4517 338 4564 οογοο,

623 4569 685 4629 30
