2694 4866
378 266 436 326 nu
457 264 664 326 vnusisus
686 264 969 326 nooirnunms
1073 342 1077 357 ¹
1175 272 1232 336 173

107 462 134 499 v.
151 443 199 500 13.
214 436 287 499 mal
298 463 323 496 τι
338 433 444 494 addidi.
485 434 521 493 In
542 434 720 513 antistropha
733 454 761 494 v.
774 437 803 494 3.
817 432 854 496 αὖ
866 454 920 514 pro
933 434 1009 505 αὖθις
1022 434 1133 514 scripsi,
1153 447 1185 495 et
1205 456 1232 499 v.

79 510 82 515 ¹
108 529 137 584 3.
158 518 254 580 delevi
267 516 288 577 ὅ
300 528 369 577 ante
382 518 470 578 τέκνον.
503 515 540 574 V.
555 523 584 577 8.
598 516 642 574 bis
655 523 716 576 sciro
729 515 760 572 in
773 518 857 587 sdico,
872 535 959 575 sensu
972 536 1089 597 quoque
1102 516 1232 592 meliore,

107 601 222 681 scripsi,
242 611 273 660 et
293 596 435 677 geminavi
456 596 556 679 saliga.
595 596 733 675 Denique
746 616 847 656 sensus
861 615 962 656 caussa
975 618 1002 655 v.
1025 603 1073 657 11.
1093 598 1234 658 lrlrrorum

105 684 265 743 lectionem
286 689 305 740 si
325 684 422 741 words
442 678 473 735 in
487 678 510 739 sl
518 680 546 753 γ’
558 681 638 740 sirm
650 680 770 739 mutari.
808 679 857 738 lta
868 697 969 739 versus
982 682 1011 740 3.
1026 685 1054 741 3.
1069 682 1144 743 ut.
1158 685 1189 740 8.
1201 686 1233 742 9.

112 770 161 827 10.
183 770 232 824 11.
251 760 367 821 iambici
380 759 600 839 ischiorrhogici
613 770 691 831 sunt,
706 779 830 839 quorum
843 762 967 840 septimo
976 759 1124 839 dactylus,
1139 762 1232 821 uude·

109 846 188 906 cimo
211 843 358 903 Molossus
376 841 539 920 praemissus
563 853 617 912 est,
638 852 745 900 octavo
765 853 863 901 autem
883 843 914 900 in
933 842 992 900 fine
1012 841 1161 901 Molossus
1179 844 1234 903 ads·

108 927 211 986 haeret.
253 923 426 984 Dochmiaci
440 933 508 981 sunt
528 942 626 981 versus
647 929 677 983 4.
696 928 727 983 5.
746 928 792 982 la.
812 943 936 1003 quorum
950 923 1082 1002 quintum
1095 924 1235 1002 praecedit

109 1007 268 1068 Molossus.
308 1005 421 1063 Primos
434 1004 521 1081 hujus
535 1005 669 1064 carminis
689 1024 787 1063 versus
809 1004 955 1065 Seidlerus
975 1003 1110 1064 uucmvit
1130 1025 1160 1084 p.
1183 1011 1234 1066 33.

108 1091 160 1169 qui
173 1101 273 1148 tamen
285 1087 355 1144 mihi
369 1104 465 1164 neque
485 1084 671 1145 dochmiacos
691 1105 755 1145 esse
768 1105 867 1145 versus
881 1086 955 1145 istos
968 1086 1120 1164 persuasit,
1135 1104 1232 1166 neque

109 1175 188 1245 sares
203 1167 353 1248 possenti
366 1187 461 1247 posse.
502 1166 562 1226 Sed
575 1168 664 1227 redeo
683 1167 721 1227 ad
734 1168 895 1228 Creticum.
938 1167 1015 1226 Eum
1035 1167 1234 1246 multomagis

109 1272 149 1313 ex
168 1251 226 1311 arsi
247 1251 325 1309 nuda
345 1260 376 1308 et
395 1249 492 1309 iambo
512 1260 646 1308 constare
666 1249 891 1309 existimandum
918 1249 983 1322 erit,
1010 1249 1035 1307 si
1055 1267 1155 1308 verum
1176 1261 1231 1323 est,

108 1332 189 1413 quod
203 1352 242 1392 ex
255 1331 365 1411 aliquot
379 1331 450 1391 locis
463 1331 579 1392 videtur
592 1331 691 1411 colligi
706 1350 800 1411 posse,
816 1331 987 1391 commutari
1000 1349 1068 1389 eum
1082 1350 1149 1390 cum
1164 1331 1234 1390 Mo·

109 1414 199 1476 lossu.
241 1413 280 1472 Et
301 1412 397 1473 statim
417 1413 449 1471 in
470 1411 617 1492 Euripidis
638 1413 746 1473 Oreste
768 1418 836 1477 168.
860 1417 926 1474 189.
948 1430 1009 1472 nou
1021 1411 1137 1472 ridetur
1160 1430 1234 1491 opus

107 1515 182 1570 esse,
204 1507 248 1567 ut,
262 1494 340 1574 quod
354 1494 423 1554 olim
437 1500 630 1576 conjeceram,
645 1493 708 1558 ollis
722 1494 877 1555 scribendo
890 1495 980 1574 pedes
1001 1503 1212 1573 exaequentur=

187 1608 301 1682 darida?
316 1645 336 1656 -
348 1608 438 1679 ’ἔβαλες
449 1613 473 1683 ἔξ
487 1609 576 1671 r‘r'mss.

188 1689 241 1752 οὐδὲ
254 1695 307 1774 peip
320 1727 341 1739 -
354 1693 431 1752 πόθοι
444 1689 495 1771 ’ἔχει
508 1698 597 1774 plagis,

107 1806 219 1874 Locus,
235 1825 323 1885 quem
344 1805 491 1877 Seidlerus
504 1827 534 1885 p.
551 1811 617 1871 139.
638 1827 678 1868 ex
693 1805 840 1888 Euripidis
853 1808 927 1868 lone
941 1827 968 1867 v.
981 1809 1051 1872 677.
1067 1806 1162 1880 affort,
1181 1825 1233 1867 au-

106 1887 209 1949 dacius
222 1888 258 1946 ab
274 1906 310 1947 eo
323 1898 353 1945 et
367 1887 409 1946 sic
434 1898 561 1949 mutatus
576 1888 700 1959 videtur,
727 1902 760 1949 ut
781 1890 909 1949 numeris
928 1900 1052 1961 tantum,
1072 1909 1133 1951 non
1145 1888 1233 1949 etiam

108 1969 209 2030 sensui
222 1968 433 2029 consuleretur.
474 1969 540 2048 Ego
554 1970 672 2049 quidem
686 1971 727 2031 ita
741 1971 927 2031 scribendum
940 1980 1054 2050 putem:

130 2128 137 2135 -
188 2091 236 2169 igal
248 2085 350 2168 driugais
362 2093 408 2146 sul
421 2122 442 2134 -
456 2090 590 2165 mids'psovc

132 2169 140 2183 ’
187 2167 344 2242 mucosis,
360 2166 540 2246 mismalvas
554 2170 682 2239 εἰσβολάς.

108 2283 332 2365 Antistrophica
344 2302 414 2343 sana
427 2296 508 2355 sunt;

186 2404 273 2475 φίλια,
287 2400 371 2482 rimp’
384 2403 436 2481 1μᾷ
447 2436 468 2448 -
480 2400 596 2483 danor‘sip

186 2481 249 2557 saido
262 2486 337 2565 τιςῧς
351 2486 372 2548 ἐς
386 2479 428 2549 οἷς
442 2487 622 2561 merismu,

108 2598 268 2691 Sophocles
280 2596 311 2656 iu
326 2596 433 2656 Trach;
447 2603 519 2659 655.
532 2603 604 2660 663.

272 2721 309 2775 iiis
322 2712 345 2774 δ’
350 2711 430 2797 ’'Apss
444 2719 580 2797 singultis
603 2790 608 2799 .

187 2793 282 2869 {filaus-⁵
294 2830 316 2842 -
326 2796 434 2855 ἐπίπονον
446 2796 550 2878 ὶμίςαν.

270 2881 319 2943 siis
334 2880 433 2978 scripte
447 2880 604 2979 srayxpr‘rsp

187 2961 342 3039 rayngus-iric
354 2993 376 3004 -
390 2963 430 3018 tsi-l
443 2972 570 3040 agapas-ts
582 2958 664 3041 Sago'c.

113 3070 267 3150 AEschylus
280 3071 311 3129 iu
326 3071 424 3131 Prom.
437 3074 508 3138 578.

189 3191 230 3267 τῇ
241 3186 270 3264 μ’
285 3184 399 3259 dsiccar,
414 3191 469 3259 snt,
478 3192 529 3248 scil.

189 3272 236 3328 sals
255 3267 418 3349 suauitatem
432 3266 487 3328 dd.

112 3381 157 3442 lta
168 3383 244 3443 euim
259 3395 341 3443 recte
354 3382 385 3441 in
398 3383 570 3462 quibusdam
583 3383 663 3445 libris
677 3385 747 3465 legi,
760 3405 820 3446 non
833 3386 953 3447 dubium
967 3388 1111 3459 videbitur
1120 3402 1236 3453 senten·
1316 3380 1319 3385 ¹

117 3463 180 3523 tiam
200 3464 406 3524 consideranti.
446 3464 548 3526 Videri
568 3466 677 3546 poterit
698 3468 833 3528 Creticus
854 3470 985 3530 Molosso
1006 3472 1182 3553 respondere
1205 3493 1236 3534 e-

118 3545 180 3604 tiam
190 3547 268 3624 apud
283 3546 459 3625 Sophoclem
473 3546 503 3604 in
519 3549 589 3608 OEd.
605 3549 669 3611 Col.
687 3554 776 3611 1559.
792 3553 879 3615 1571.

188 3661 311 3734 Ἀἰἳανεῢ,
324 3663 447 3734 Ἀἲδυηῢ,
461 3667 591 3742 λίσσομαι.

188 3747 318 3817 ὠνεῖσθαι,
342 3744 557 3821 κνυζᾶσθιι’τ’ἷξ
571 3751 671 3829 ἅντςὸν.

119 3855 172 3917 Sed
193 3878 229 3919 eo
250 3860 279 3919 iu
299 3860 366 3920 loco
388 3860 579 3920 scribendum
600 3882 664 3922 esse
685 3860 806 3941 allatam
827 3882 881 3942 pro
901 3867 1034 3944 alenam,
1061 3868 1199 3946 praeclare
1221 3890 1238 3929 e

117 3935 246 4013 lectione,
255 3961 320 4020 quoe
331 3943 409 4022 apud
422 3941 608 4004 scholiastam
622 3954 676 4018 est,
691 3941 759 4006 laist
771 3972 828 4025 psat,
841 3946 961 4027 collegit
974 3946 1151 4010 Erfurdtius.
1172 3951 1237 4011 No-

118 4020 205 4081 tabilis
220 4034 263 4082 est
284 4034 381 4085 autem
396 4026 445 4086 hic
460 4024 544 4084 locus
558 4046 617 4086 non
631 4025 726 4085 solum
740 4022 778 4085 ob
799 4037 845 4086 ter
858 4029 984 4108 positum
997 4029 1171 4105 Molossum,
1184 4033 1238 4093 sed

117 4102 197 4161 etiam
210 4115 339 4185 propter·
350 4105 527 4169 solutionem
547 4103 649 4186 prlmae
663 4106 792 4188 syllabae,
807 4108 861 4169 nisi
871 4109 939 4189 quis
959 4111 1128 4184 contendat,
1142 4112 1235 4173 tribus

115 4183 226 4260 syllabis
252 4188 438 4264 pronunciari
454 4186 595 4268 'potuisse
623 4207 730 4249 nomen
756 4190 893 4258 Ἀϊδωνεύς.
948 4191 1040 4250 Aliud
1069 4195 1236 4272 exemplum

114 4268 278 4326 commutati
300 4288 367 4328 cum
392 4271 510 4332 Cretico
536 4271 658 4331 Molossi
682 4271 712 4329 in
734 4271 890 4330 Phoenissis
911 4283 1010 4334 exstat
1026 4293 1053 4337 v.
1074 4280 1142 4338 330.
1164 4281 1232 4335 331.

114 4345 158 4407 ed.
170 4348 319 4432 Poro-,qui
333 4352 503 4415 alteralteri
522 4353 698 4432 respondere
717 4352 870 4413 videntur:
1082 4366 1088 4378 ⁶
