2694 4866
298 292 356 352 nu
378 284 584 356 vnnsrnns
605 286 941 357 runcanournrs
1137 266 1196 362 aaa

145 521 191 582 aa,
206 513 272 577 ὕλαν
285 520 328 577 οὐκ
342 514 442 587 ἰ’βιιιυ,

85 659 219 726 »ττυρῑυε
229 648 284 710 sit:
304 648 334 707 in
349 669 407 728 quo
421 648 542 711 fortasse
556 648 695 729 scriptum
708 649 813 727 suerat,

143 783 231 861 χῖἷλαν
244 782 284 844 'ir’¹
292 787 335 844 οὐκ
348 781 449 854 ἐ’βαινεν.

85 908 116 970 ic
128 915 163 976 ἴτ’
173 920 217 976 οὐκ
230 915 309 993 apud
324 910 498 993 Sophoclem
514 914 621 973 Trach.
638 919 705 974 161.
726 924 756 972 et
769 912 803 973 i'r'
818 912 883 974 ..aa
897 912 1022 975 Philoct.
1037 915 1126 981 1217.

104 1003 132 1055 4.
155 999 337 1074 Quamquam
351 1007 463 1054 tantum
477 997 570 1066 abeat,
595 1007 627 1053 ut
640 995 805 1073 hujusmodi
825 1013 924 1054 versus
944 1016 997 1076 per
1015 1016 1047 1056 se
1069 997 1186 1076 quidem

85 1078 246 1154 nprnbandi
260 1078 327 1150 sint,
339 1089 370 1136 ut
385 1077 488 1134 nonsit
502 1077 632 1147 dubium,
648 1074 717 1152 quin
728 1075 751 1132 si
766 1075 882 1152 quidem
895 1079 984 1155 po'e'ta
995 1079 1110 1138 Ionicos
1120 1098 1185 1139 ver·

85 1170 123 1229 us,
134 1178 192 1217 non
207 1159 344 1217 iambicos
358 1158 428 1217 dare
441 1157 542 1227 voluit,
556 1154 789 1233 amphibrachus,
804 1175 862 1234 quo
870 1159 1015 1217 secundus
1026 1161 1098 1218 ordo
1111 1159 1184 1219 inci·

85 1233 118 1309 iit,
129 1243 194 1315 jure
208 1241 328 1317 primam
343 1239 448 1298 habeat
462 1237 628 1316 ancipitem.
671 1235 717 1296 Ita
731 1237 809 1315 apud
823 1239 1041 1299 Anacreontem
1055 1241 1122 1300 XV.
1136 1247 1183 1302 ll.

85 1327 98 1375 t
110 1321 280 1380 XXXVIII.
296 1326 325 1380 5.
341 1325 390 1381 12,

139 1453 181 1519 ἕως
196 1451 236 1514 orii
249 1451 307 1514 εὔδι’
322 1455 393 1513 ἐστίν.

140 1538 152 1592 ὃ
167 1536 257 1615 νοῖςθηξ
272 1531 293 1591 δ’
306 1532 371 1593 ov’iir
385 1537 455 1596 ima

139 1621 247 1682 Σειληνὶν
261 1612 283 1673 δ’
297 1616 317 1675 ἓν
329 1617 444 1685 μέσοισιν.

85 1751 107 1808 [c
122 1748 199 1808 enirn
211 1748 406 1808 scribendum.

97 1838 128 1893 5.
151 1831 302 1888 Invenitur
321 1849 391 1887 vero
410 1828 495 1887 etiam
518 1827 619 1887 ultima
639 1822 837 1906 ampthrachi
854 1822 1006 1905 producta.
1048 1826 1181 1890 Dubium

85 1912 225 1991 templum
240 1922 284 1970 est
298 1912 363 1970 XV.
382 1915 428 1970 15.

135 2044 199 2125 λέγῃ
215 2069 240 2102 σι
252 2049 287 2121 μὴ
302 2041 340 2103 iri
350 2045 434 2110 mim,

85 2199 121 2239 1ae
135 2176 270 2238 Vaticani
284 2175 392 2235 codicis
405 2173 549 2254 scriptura
561 2183 616 2233 eat.
636 2171 748 2232 XXXI.
762 2178 792 2232 4.

135 2310 237 2389 ipcoeirrr’
251 2311 398 2389 'mercarier
412 2335 447 2381 rr,

85 2448 101 2507 ii
118 2446 183 2526 quis
197 2445 341 2524 conjicere
355 2443 454 2523 possit,

133 2578 243 2656 ipat'rtao
256 2583 313 2661 argit
325 2577 454 2654 Ἀλκμάν,

85 2740 88 2772 t
105 2732 164 2793 qua
178 2711 300 2771 nominis
315 2711 408 2769 forma
421 2728 448 2765 v.
463 2706 568 2765 Valck.
586 2707 624 2763 ad
639 2702 743 2764 Phoen.
766 2706 833 2763 196.
852 2720 882 2778 p.
894 2705 944 2760 65.
966 2710 998 2759 et
1020 2702 1178 2763 Beemann.

85 2794 211 2872 tAnrig.
242 2793 480 2870 Caryst.p.145.
508 2788 576 2846 Non
587 2786 677 2844 ausim
689 2796 785 2841 tamen
798 2781 955 2861 quidquam
965 2792 1090 2845 mutare.
1116 2783 1177 2844 Sed

85 2876 184 2935 XXII.
198 2880 249 2935 25.
264 2883 413 2951 corruptas
426 2888 514 2930 voces
527 2869 568 2927 ita
582 2865 776 2927 emendandas
790 2875 877 2944 puto:

133 3013 162 3070 τί
173 3012 217 3086 φής
226 3041 235 3080 3
258 3008 440 3090 ἄνιπτιςόθηςς

85 3143 166 3203 iidem
179 3163 207 3203 v.
221 3147 271 3203 25.
284 3161 339 3222 pro
351 3139 480 3217 vulgatu,

130 3277 187 3343 τοὺς
201 3276 266 3342 iaris
280 3271 316 3335 eri
329 3269 458 3354 Paiu'gin,

85 3407 147 3467 idex
162 3408 321 3465 Vaticanus
334 3403 433 3473 habet,

128 3538 172 3600 aei
187 3540 242 3605 τοὺς
257 3535 375 3618 suidger
388 3533 464 3602 ἰκτὸς.

85 3684 92 3730 t
105 3690 278 3751 quamquam
291 3669 435 3729 rarissima
448 3679 491 3727 est
504 3666 568 3726 haec
582 3664 746 3746 productio,
766 3671 865 3722 tamen
878 3654 997 3716 minime
1015 3648 1171 3735 rejicienda

85 3766 104 3825 t,
117 3773 206 3832 quum
221 3773 259 3811 ex
273 3751 358 3811 metri
371 3751 437 3828 lege
450 3761 578 3808 rectene
597 3748 714 3818 habeat,
738 3755 769 3804 et
792 3744 823 3801 iu
845 3740 895 3799 illo
915 3753 1031 3819 quoque
1051 3752 1171 3814 genere,

85 3836 127 3894 nd
140 3834 310 3912 disyllabum
330 3828 484 3891 anacrusin
503 3831 603 3903 habet,
625 3826 772 3895 interdurn
784 3820 957 3906 reperiatur,
977 3827 1010 3879 ut
1023 3814 1101 3898 apud
1116 3812 1169 3878 Sc·

85 3917 183 3978 teclam
196 3916 227 3974 in
240 3915 353 3974 Electr.
375 3916 462 3975 1058.

125 4045 326 4132 φςονιμντᾶτους
339 4043 442 4116 οἷανοῦς,

87 4180 165 4261 apud
180 4177 350 4257 Euripidem
363 4175 394 4234 in
408 4175 539 4256 Cyclope
552 4175 621 4239 tar.
678 4228 692 4243 .

120 4317 161 4376 ἐπὶ
175 4312 276 4393 δεμνίοις
290 4336 316 4373 τι
329 4310 425 4386 ξανθόν,
