2694 4866
368 246 428 312 DE
448 247 608 314 Ioutcts
629 253 660 311 A
679 249 862 316 MINORE.
1121 266 1183 328 29⁷

85 446 102 486 :.
147 420 258 485 Eadem
272 420 350 480 enim
376 419 474 479 omnia
494 420 524 478 in
546 419 655 481 Ionicis
678 440 696 480 a
716 425 827 502 majore
849 423 972 484 inveniri
992 427 1180 490 ostendimus.

85 517 100 566 t
123 507 241 564 obstant
263 502 319 562 alia
344 500 486 580 quedam.
527 501 605 561 Nam
626 502 720 583 prim0
741 504 772 561 in
794 504 903 564 Ionicis
922 525 941 567 a
961 511 1071 587 maj0re
1091 511 1180 570 etiam

85 587 187 667 ‚ctylus
199 584 249 644 ille
262 582 392 642 ultimam
405 583 494 643 hahet
507 583 681 664 ancipitem:
701 583 732 642 in
744 584 852 644 Ionicis
865 588 1006 648 aminare
1015 600 1114 649 autem
1127 589 1177 651 hic

85 688 110 729 rs
129 685 246 746 semper
266 684 356 745 purus
376 675 516 740 servatur,
541 676 629 744 atque
652 665 707 724 etsi
728 686 767 726 ex
788 685 835 740 eo,
855 668 935 747 quod
956 670 1130 731 substitutus
1151 672 1180 733 ci

85 748 281 829 nphibrachus
295 746 397 806 ultima
409 745 536 825 ancipite
549 759 604 820 est,
618 746 713 825 ipsum
733 767 850 827 quoque
863 749 966 809 eadem
984 751 1104 811 licentia
1121 752 1181 815 frui

85 830 275 910 injiciendum
298 829 438 902 videatur,
470 839 568 888 tamen
591 847 687 908 neque
718 830 845 910 placebit
874 831 1010 909 cuiquam
1034 834 1180 909 Creticus,

85 932 155 991 eque
168 910 323 985 invenitur,
336 911 392 969 nisi
405 908 436 967 in
449 929 508 969 uno
529 910 668 983 alterove,
682 930 776 991 eoque
788 911 872 971 valde
885 924 1021 991 suspecto
1034 917 1180 994 exemplo.

85 993 176 1054 einde
196 1012 287 1072 quum
306 1012 383 1071 saepe
403 1002 565 1071 anapaestus
585 997 726 1072 jungatur
746 993 885 1054 Ionicisa
903 994 1024 1066 minore,
1038 994 1069 1052 in
1082 997 1180 1055 medio

85 1095 103 1135 e
118 1074 231 1153 positus
244 1073 318 1133 male
331 1073 529 1152 interpellaret
543 1093 696 1133 numerum
706 1074 840 1135 Ionicum
853 1093 872 1134 a
884 1079 1003 1155 majore,
1014 1086 1045 1135 et
1053 1076 1104 1153 rip
1117 1083 1181 1157 ejus

85 1155 212 1235 arigium
226 1155 413 1234 relinqueret,

136 1285 608 1371 wsstsswrsswts...

93 1420 159 1480 fine
181 1430 279 1479 autern
294 1418 462 1486 collocatus,
485 1430 537 1478 aut
562 1418 739 1490 choriambo,
761 1420 894 1498 longiore
914 1434 946 1482 et
965 1422 1181 1483 vehementiore

85 1501 170 1576 dine,
184 1519 271 1580 quam
284 1509 351 1559 sunt
365 1499 394 1569 ii,
410 1500 460 1580 qui
475 1500 654 1579 praecedunt,
670 1520 785 1561 versum
799 1501 904 1573 finiret,
920 1504 1000 1583 quod
1014 1504 1181 1585 perversum

85 1595 111 1656 i,
402 1610 405 1615 ·

136 1712 610 1797 υυζΙᾸ-υυΙζΙ-’.υυᾴ-

85 1857 103 1906 t
120 1864 222 1905 versus
243 1845 274 1903 in
288 1842 419 1903 ordinem
440 1864 478 1904 ex
494 1864 552 1904 una
565 1845 622 1903 arsi
644 1844 754 1905 factum
774 1856 843 1925 post
864 1847 959 1907 thesin
973 1846 1077 1922 exiret,
1102 1848 1183 1925 quod

85 1927 148 2008 agis
163 1927 251 1986 etiam
263 1926 399 1984 vitiosum
413 1937 467 1998 est,
482 1936 513 1985 et
526 1927 589 1985 sine
603 1927 748 2007 exemplo,
802 1990 804 1994 Α

211 2056 220 2083 Ι
282 2055 291 2081 Ι
405 2056 414 2080 Ι
474 2056 484 2080 Ι
602 2057 610 2081 Ι

85 2192 149 2254 nde
162 2190 235 2250 nihil
247 2190 413 2272 hujusmodi
425 2189 457 2249 in
469 2191 600 2251 versibus
615 2189 722 2250 Ionicis
735 2209 753 2250 a
765 2192 876 2270 majore
888 2191 998 2251 factum
1012 2189 1183 2250 invenimus.

85 2272 230 2334 idendum
251 2284 297 2332 est
316 2292 386 2350 ergo
400 2272 437 2331 de
458 2271 641 2331 choriambis.
681 2272 726 2330 At
745 2271 973 2332 choriambicum
992 2290 1146 2331 numerum
1159 2271 1185 2330 si

85 2359 183 2417 besse
195 2353 303 2413 Ionicis
316 2371 335 2412 a
347 2353 458 2412 minore
478 2353 603 2433 putabis,
617 2352 757 2412 anaclasis
778 2352 896 2431 quidem
910 2353 1051 2434 explicari
1064 2352 1183 2433 poterit,

85 2436 201 2530 ioniam
224 2435 312 2495 etiam
332 2434 363 2491 in
384 2433 557 2494 choriambis
577 2432 712 2512 dactylus
734 2434 765 2493 in
784 2434 1024 2515 amphibrachum
1044 2445 1184 2505 mutatur,

85 2518 111 2577 d
124 2536 221 2658 priapo
234 2516 355 2575 tolletur
367 2515 453 2596 plane
465 2525 571 2575 natura
582 2514 697 2574 numeri
710 2515 814 2591 lonici,
827 2536 882 2597 pro
895 2535 989 2597 eoque
999 2515 1185 2607 exhibebitur

85 2617 192 2661 ronam
212 2616 284 2667 rcus,
1143 2620 1148 2629 ·
1219 2611 1221 2616 ·

138 2744 217 2796 wi
245 2745 352 2796 sw.
380 2744 516 2796 ἑυυ..

244 2908 353 2959 υὲυ..
379 2906 525 2963 uhu...

85 3030 169 3091 einde
180 3047 251 3089 vero
265 3029 358 3108 prima
377 3027 495 3107 quidem
508 3024 708 3106 amphibrachi
727 3026 836 3108 poterit
849 3046 957 3108 anceps
970 3046 1042 3100 esse,
1058 3045 1123 3109 qua
1136 3026 1188 3088 lex

85 3121 108 3171 st
121 3110 236 3170 numeri
256 3108 454 3183 choriambici,
468 3108 593 3168 sednon
608 3108 721 3182 ultima,
741 3109 822 3188 quod
840 3120 939 3169 tamen
952 3108 1015 3169 fieri
1034 3110 1065 3167 in
1079 3108 1187 3168 Ionicis

94 3193 208 3252 minore
221 3190 362 3252 videmus.
1164 3188 1166 3193 ’

104 3279 136 3333 4.
155 3273 204 3332 Ex
216 3272 261 3332 his
275 3271 380 3332 confici
392 3271 518 3346 videtur,
531 3289 685 3331 numerum
695 3269 829 3330 Ionicum
843 3288 862 3328 a
874 3269 986 3329 minore
1000 3279 1031 3328 et
1043 3270 1080 3327 ab
1093 3269 1186 3329 altero

85 3355 167 3413 nnico
181 3366 211 3414 et
225 3373 243 3413 a
256 3353 452 3413 choriambico
465 3353 610 3412 diversum
624 3370 697 3411 esse.
728 3352 822 3431 quue
836 3350 995 3410 etiamalio
1010 3350 1100 3409 modo
1114 3369 1188 3409 con-

85 3446 204 3496 rmatur.
244 3435 321 3495 Nam
345 3446 379 3494 ut
392 3435 423 3493 in
446 3434 585 3494 Ionicisa
608 3436 718 3512 majore
740 3443 771 3492 at
790 3432 820 3490 in
842 3429 1044 3491 choriambicis
1065 3450 1188 3490 caesuras
1238 3472 1242 3485 .

85 3512 130 3573 leri
142 3515 172 3574 in
185 3516 242 3576 fine
256 3517 338 3595 pedis
351 3514 446 3574 Ionici
466 3528 497 3575 et
511 3513 697 3575 choriambici
719 3512 860 3586 videmus,
874 3514 916 3572 ita
935 3513 1024 3572 etiam
1037 3511 1067 3571 in
1081 3510 1189 3572 Ionicis

85 3598 206 3676 tmajore
219 3598 282 3679 ipsa
295 3597 387 3658 oratio
401 3596 491 3656 incidi
504 3596 534 3655 in
548 3596 606 3656 fine
618 3594 727 3678 pedum
737 3596 833 3674 jubet,
848 3595 925 3653 utin
938 3594 996 3653 hoc
1008 3611 1106 3664 versu,

146 3732 186 3809 ipsi
198 3730 293 3804 istacin,
306 3731 348 3810 ἐμὲ
361 3737 449 3792 werris
462 3728 613 3791 mesraim
627 3727 784 3807 arlinus-ar.

85 3854 157 3919 Quod
177 3863 201 3922 si
223 3863 294 3922 huic
318 3874 412 3922 metro
435 3881 573 3923 numerus
596 3863 713 3922 Ionicus
734 3881 753 3920 a
772 3862 887 3939 maj0rc
909 3858 956 3919 vel
976 3856 1190 3917 choriambicus

85 3938 208 4019 tubesset,
222 3944 350 4018 easdem,
365 3964 436 4022 quas
449 3944 500 4014 illi,
514 3964 574 4004 non
588 3944 658 4005 alias
672 3962 740 4003 cum
753 3942 845 4021 iisque
859 3950 1022 4022 pugnantes
1034 3938 1190 3998 incisiones

85 4010 197 4102 haberet
238 4027 435 4092 Quamobrem
458 4025 483 4085 si
496 4026 590 4086 Ionici
610 4045 629 4086 a
648 4026 759 4084 minore
782 4023 930 4084 ordinibus
949 4020 1110 4080 decurrunt
1133 4021 1191 4079 hoc

85 4106 135 4168 ¹P⁸⁰
146 4107 218 4185 pede
233 4107 459 4188 comprehensis,
473 4126 562 4186 aquo
582 4125 690 4170 nomen
703 4105 822 4176 habent,
843 4103 958 4165 dnobus
977 4103 1008 4161 id
1022 4102 1115 4161 modis
1127 4102 1192 4160 lieri

85 4186 172 4315 mult,
195 4209 266 4266 uno,
288 4201 322 4250 ut
346 4189 395 4252 hic
419 4209 470 4271 pes
495 4208 534 4251 ex
554 4189 684 4268 spondeo
708 4206 776 4250 cum
804 4185 945 4266 disyllaba
964 4183 1097 4247 anacrusi
1121 4201 1191 4243 con·

129 4279 156 4328 et

156 4312 166 4346 l
549 4428 552 4433 Α
570 4345 595 4407 P
614 4370 634 4428 p
