<?xml version="1.0" encoding="UTF-8"?>
<!DOCTYPE html PUBLIC "-//W3C//DTD XHTML 1.0 Transitional//EN"
    "http://www.w3.org/TR/xhtml1/DTD/xhtml1-transitional.dtd">
<html xmlns="http://www.w3.org/1999/xhtml" xml:lang="en" lang="en">
 <head>
  <title>
</title>
<meta http-equiv="Content-Type" content="text/html;charset=utf-8" />
  <meta name='ocr-system' content='tesseract 3.04.00' />
  <meta name='ocr-capabilities' content='ocr_page ocr_carea ocr_par ocr_line ocrx_word'/>
</head>
<body>
  <div class='ocr_page' id='page_1' title='image "./elementadoctrin00hermgoog_0143.png"; bbox 0 0 2694 4866; ppageno 0'>
   <div class='ocr_carea' id='block_1_1' title="bbox 57 290 874 421">
    <p class='ocr_par' dir='ltr' id='par_1_1' title="bbox 57 290 874 421">
     <span class='ocr_line' id='line_1_1' title="bbox 57 290 874 421; baseline -0.024 -3"><span class='ocrx_word' id='word_1_1' title='bbox 57 349 166 418; x_wconf 75' lang='lat' dir='ltr'><strong>,roa</strong></span> <span class='ocrx_word' id='word_1_2' title='bbox 370 414 374 421; x_wconf 48' lang='grc'>,</span> <span class='ocrx_word' id='word_1_3' title='bbox 473 290 556 401; x_wconf 77' lang='lat' dir='ltr'><strong>uua</strong></span> <span class='ocrx_word' id='word_1_4' title='bbox 574 338 617 400; x_wconf 87' lang='lat'><strong>11.</strong></span> <span class='ocrx_word' id='word_1_5' title='bbox 639 337 735 400; x_wconf 77' lang='lat' dir='ltr'><strong>car.</strong></span> <span class='ocrx_word' id='word_1_6' title='bbox 756 335 874 399; x_wconf 83' lang='lat' dir='ltr'><strong>xvru.</strong></span> 
     </span>
    </p>
   </div>
   <div class='ocr_carea' id='block_1_2' title="bbox 110 482 765 592">
    <p class='ocr_par' dir='ltr' id='par_1_2' title="bbox 110 482 765 592">
     <span class='ocr_line' id='line_1_2' title="bbox 110 482 765 592; baseline -0.003 -20"><span class='ocrx_word' id='word_1_7' title='bbox 110 514 150 575; x_wconf 91' lang='lat' dir='ltr'><strong>Et</strong></span> <span class='ocrx_word' id='word_1_8' title='bbox 164 510 241 592; x_wconf 89' lang='lat' dir='ltr'><strong>apud</strong></span> <span class='ocrx_word' id='word_1_9' title='bbox 256 509 395 569; x_wconf 87' lang='lat' dir='ltr'><strong>Plautum</strong></span> <span class='ocrx_word' id='word_1_10' title='bbox 408 507 438 566; x_wconf 92' lang='lat' dir='ltr'><strong>in</strong></span> <span class='ocrx_word' id='word_1_11' title='bbox 454 508 601 588; x_wconf 89' lang='lat' dir='ltr'><strong>Amphitr.</strong></span> <span class='ocrx_word' id='word_1_12' title='bbox 617 482 655 567; x_wconf 87' lang='lat' dir='ltr'><strong>V.</strong></span> <span class='ocrx_word' id='word_1_13' title='bbox 671 513 698 578; x_wconf 93' lang='lat' dir='ltr'><strong>l,</strong></span> <span class='ocrx_word' id='word_1_14' title='bbox 716 513 765 570; x_wconf 75' lang='grc'><strong>32.</strong></span> 
     </span>
    </p>
   </div>
   <div class='ocr_carea' id='block_1_3' title="bbox 1 621 1289 2959">
    <p class='ocr_par' dir='ltr' id='par_1_3' title="bbox 77 621 1289 1024">
     <span class='ocr_line' id='line_1_3' title="bbox 181 621 1210 698; baseline -0.003 -15"><span class='ocrx_word' id='word_1_15' title='bbox 181 630 239 683; x_wconf 85' lang='lat' dir='ltr'><strong>BR.</strong></span> <span class='ocrx_word' id='word_1_16' title='bbox 250 627 331 687; x_wconf 77' lang='lat' dir='ltr'><strong>imao</strong></span> <span class='ocrx_word' id='word_1_17' title='bbox 341 626 435 685; x_wconf 77' lang='lat' dir='ltr'><strong>bmues</strong></span> <span class='ocrx_word' id='word_1_18' title='bbox 446 627 504 683; x_wconf 83' lang='lat' dir='ltr'><strong>tani</strong></span> <span class='ocrx_word' id='word_1_19' title='bbox 515 625 732 698; x_wconf 80' lang='lat' dir='ltr'><strong>shntpioiectn·</strong></span> <span class='ocrx_word' id='word_1_20' title='bbox 753 625 821 680; x_wconf 83' lang='grc' dir='ltr'><strong>ΑΜ.</strong></span> <span class='ocrx_word' id='word_1_21' title='bbox 839 633 922 681; x_wconf 82' lang='lat' dir='ltr'><strong>atmc</strong></span> <span class='ocrx_word' id='word_1_22' title='bbox 934 621 1022 678; x_wconf 71' lang='lat' dir='ltr'><strong>hcor&#39;</strong></span> <span class='ocrx_word' id='word_1_23' title='bbox 1091 621 1210 680; x_wconf 57' lang='lat' dir='ltr'><strong>iamiam</strong></span> 
     </span>
     <span class='ocr_line' id='line_1_4' title="bbox 184 693 1075 763; baseline -0.007 -8"><span class='ocrx_word' id='word_1_24' title='bbox 184 700 238 755; x_wconf 86' lang='lat' dir='ltr'><strong>suis</strong></span> <span class='ocrx_word' id='word_1_25' title='bbox 246 697 331 754; x_wconf 74' lang='lat' dir='ltr'><strong>foedis</strong></span> <span class='ocrx_word' id='word_1_26' title='bbox 342 698 427 754; x_wconf 83' lang='lat' dir='ltr'><strong>sactis.</strong></span> <span class='ocrx_word' id='word_1_27' title='bbox 443 697 543 755; x_wconf 68' lang='lat' dir='ltr'><strong>BMt</strong></span> <span class='ocrx_word' id='word_1_28' title='bbox 609 697 716 763; x_wconf 71' lang='lat' dir='ltr'><strong>inciam,</strong></span> <span class='ocrx_word' id='word_1_29' title='bbox 732 706 763 752; x_wconf 83' lang='lat' dir='ltr'><strong>br</strong></span> <span class='ocrx_word' id='word_1_30' title='bbox 774 696 845 763; x_wconf 78' lang='lat' dir='ltr'><strong>idern</strong></span> <span class='ocrx_word' id='word_1_31' title='bbox 857 693 974 751; x_wconf 73' lang='lat' dir='ltr'><strong>ritaliter</strong></span> <span class='ocrx_word' id='word_1_32' title='bbox 1068 694 1075 707; x_wconf 78' lang='lat'><strong>⁹</strong></span> 
     </span>
     <span class='ocr_line' id='line_1_5' title="bbox 218 716 1289 913; baseline -0.002 -86"><span class='ocrx_word' id='word_1_33' title='bbox 218 769 392 841; x_wconf 74' lang='lat' dir='ltr'><strong>Amphitruor</strong></span> <span class='ocrx_word' id='word_1_34' title='bbox 409 769 480 840; x_wconf 83' lang='lat' dir='ltr'><strong>piam</strong></span> <span class='ocrx_word' id='word_1_35' title='bbox 493 716 656 913; x_wconf 58' lang='grc' dir='ltr'><strong>ὛΞΜ]</strong></span> <span class='ocrx_word' id='word_1_36' title='bbox 668 766 1068 835; x_wconf 66' lang='lat' dir='ltr'><strong>eacummorenatsaiu·</strong></span> <span class='ocrx_word' id='word_1_37' title='bbox 1157 790 1178 801; x_wconf 80' lang='lat'><strong>··</strong></span> <span class='ocrx_word' id='word_1_38' title='bbox 1287 802 1289 825; x_wconf 87' lang='lat' dir='ltr'><strong>l</strong></span> 
     </span>
     <span class='ocr_line' id='line_1_6' title="bbox 220 837 1009 913; baseline -0.005 -14"><span class='ocrx_word' id='word_1_39' title='bbox 220 842 255 899; x_wconf 80' lang='lat' dir='ltr'><strong>de</strong></span> <span class='ocrx_word' id='word_1_40' title='bbox 265 841 298 899; x_wconf 77' lang='lat' dir='ltr'><strong>ea</strong></span> <span class='ocrx_word' id='word_1_41' title='bbox 308 858 338 899; x_wconf 84' lang='lat' dir='ltr'><strong>ra</strong></span> <span class='ocrx_word' id='word_1_42' title='bbox 348 842 423 912; x_wconf 74' lang='lat' dir='ltr'><strong>aigne</strong></span> <span class='ocrx_word' id='word_1_43' title='bbox 434 851 515 913; x_wconf 84' lang='lat' dir='ltr'><strong>atque</strong></span> <span class='ocrx_word' id='word_1_44' title='bbox 591 851 682 897; x_wconf 87' lang='lat' dir='ltr'><strong>manta</strong></span> <span class='ocrx_word' id='word_1_45' title='bbox 693 841 785 913; x_wconf 78' lang='lat' dir='ltr'><strong>palicia</strong></span> <span class='ocrx_word' id='word_1_46' title='bbox 793 839 879 896; x_wconf 70' lang='lat' dir='ltr'><strong>verba</strong></span> <span class='ocrx_word' id='word_1_47' title='bbox 890 837 1009 911; x_wconf 66' lang='lat' dir='ltr'><strong>docum.</strong></span> 
     </span>
     <span class='ocr_line' id='line_1_7' title="bbox 77 944 1289 1024; baseline -0.003 -21"><span class='ocrx_word' id='word_1_48' title='bbox 77 949 82 961; x_wconf 83' lang='lat'>&#39;</span> <span class='ocrx_word' id='word_1_49' title='bbox 118 956 147 1003; x_wconf 88' lang='lat' dir='ltr'><strong>et</strong></span> <span class='ocrx_word' id='word_1_50' title='bbox 161 944 204 1003; x_wconf 90' lang='lat' dir='ltr'><strong>sic</strong></span> <span class='ocrx_word' id='word_1_51' title='bbox 216 956 343 1024; x_wconf 86' lang='lat' dir='ltr'><strong>pergunt</strong></span> <span class='ocrx_word' id='word_1_52' title='bbox 352 945 509 1004; x_wconf 86' lang='lat' dir='ltr'><strong>trochaicis</strong></span> <span class='ocrx_word' id='word_1_53' title='bbox 519 945 659 1006; x_wconf 86' lang='lat' dir='ltr'><strong>versibus.</strong></span> <span class='ocrx_word' id='word_1_54' title='bbox 1287 990 1289 999; x_wconf 93' lang='lat'><strong>.</strong></span> 
     </span>
    </p>

    <p class='ocr_par' dir='ltr' id='par_1_4' title="bbox 116 1019 1289 1353">
     <span class='ocr_line' id='line_1_8' title="bbox 159 1019 1244 1105; baseline -0.006 -19"><span class='ocrx_word' id='word_1_55' title='bbox 159 1031 187 1086; x_wconf 87' lang='lat'><strong>8.</strong></span> <span class='ocrx_word' id='word_1_56' title='bbox 208 1025 361 1105; x_wconf 87' lang='lat' dir='ltr'><strong>Nusquam</strong></span> <span class='ocrx_word' id='word_1_57' title='bbox 374 1046 444 1085; x_wconf 87' lang='lat' dir='ltr'><strong>vero</strong></span> <span class='ocrx_word' id='word_1_58' title='bbox 457 1027 650 1104; x_wconf 86' lang='lat' dir='ltr'><strong>frequentius,</strong></span> <span class='ocrx_word' id='word_1_59' title='bbox 665 1024 802 1105; x_wconf 78' lang='lat' dir='ltr'><strong>quam&#39;in</strong></span> <span class='ocrx_word' id='word_1_60' title='bbox 823 1020 1071 1102; x_wconf 60' lang='lat' dir='ltr'><strong>unanimisque</strong></span> <span class='ocrx_word' id='word_1_61' title='bbox 1093 1020 1178 1095; x_wconf 85' lang='lat' dir='ltr'><strong>locis,</strong></span> <span class='ocrx_word' id='word_1_62' title='bbox 1202 1019 1244 1100; x_wconf 92' lang='lat' dir='ltr'><strong>qui</strong></span> 
     </span>
     <span class='ocr_line' id='line_1_9' title="bbox 116 1103 1244 1185; baseline -0.001 -21"><span class='ocrx_word' id='word_1_63' title='bbox 116 1126 237 1185; x_wconf 87' lang='lat' dir='ltr'><strong>magnos</strong></span> <span class='ocrx_word' id='word_1_64' title='bbox 250 1109 412 1166; x_wconf 86' lang='lat' dir='ltr'><strong>animorum</strong></span> <span class='ocrx_word' id='word_1_65' title='bbox 426 1120 523 1174; x_wconf 82' lang='lat' dir='ltr'><strong>motus</strong></span> <span class='ocrx_word' id='word_1_66' title='bbox 535 1109 655 1178; x_wconf 83' lang='lat' dir='ltr'><strong>habent,</strong></span> <span class='ocrx_word' id='word_1_67' title='bbox 676 1107 783 1166; x_wconf 84' lang='lat' dir='ltr'><strong>mutari</strong></span> <span class='ocrx_word' id='word_1_68' title='bbox 796 1122 933 1166; x_wconf 81' lang='lat' dir='ltr'><strong>numeros</strong></span> <span class='ocrx_word' id='word_1_69' title='bbox 946 1105 1071 1168; x_wconf 69' lang='lat' dir='ltr'><strong>videm·</strong></span> <span class='ocrx_word' id='word_1_70' title='bbox 1101 1103 1153 1176; x_wconf 77' lang='lat' dir='ltr'><strong>Aa</strong></span> <span class='ocrx_word' id='word_1_71' title='bbox 1167 1120 1244 1182; x_wconf 86' lang='lat' dir='ltr'><strong>quam</strong></span> 
     </span>
     <span class='ocr_line' id='line_1_10' title="bbox 118 1186 1245 1267; baseline 0 -22"><span class='ocrx_word' id='word_1_72' title='bbox 118 1209 179 1247; x_wconf 88' lang='lat' dir='ltr'><strong>rem</strong></span> <span class='ocrx_word' id='word_1_73' title='bbox 195 1189 220 1249; x_wconf 85' lang='lat' dir='ltr'><strong>si</strong></span> <span class='ocrx_word' id='word_1_74' title='bbox 234 1189 389 1266; x_wconf 82' lang='lat' dir='ltr'>diligenter</span> <span class='ocrx_word' id='word_1_75' title='bbox 402 1189 547 1263; x_wconf 82' lang='lat' dir='ltr'><strong>attendas,</strong></span> <span class='ocrx_word' id='word_1_76' title='bbox 565 1188 654 1251; x_wconf 80' lang='lat' dir='ltr'><strong>facile</strong></span> <span class='ocrx_word' id='word_1_77' title='bbox 667 1187 889 1261; x_wconf 76' lang='lat' dir='ltr'><strong>animadvertas,</strong></span> <span class='ocrx_word' id='word_1_78' title='bbox 903 1189 1001 1267; x_wconf 84' lang='lat' dir='ltr'><strong>plures</strong></span> <span class='ocrx_word' id='word_1_79' title='bbox 1014 1190 1115 1247; x_wconf 64' lang='lat' dir='ltr'><strong>tersus</strong></span> <span class='ocrx_word' id='word_1_80' title='bbox 1128 1186 1172 1261; x_wconf 75' lang='lat' dir='ltr'><strong>ita</strong></span> <span class='ocrx_word' id='word_1_81' title='bbox 1184 1203 1245 1245; x_wconf 86' lang='lat' dir='ltr'><strong>con·</strong></span> 
     </span>
     <span class='ocr_line' id='line_1_11' title="bbox 117 1264 1253 1353; baseline 0.002 -25"><span class='ocrx_word' id='word_1_82' title='bbox 117 1275 235 1350; x_wconf 85' lang='lat' dir='ltr'><strong>junctos</strong></span> <span class='ocrx_word' id='word_1_83' title='bbox 244 1268 318 1342; x_wconf 82' lang='lat' dir='ltr'><strong>esse,</strong></span> <span class='ocrx_word' id='word_1_84' title='bbox 332 1271 376 1342; x_wconf 83' lang='lat' dir='ltr'><strong>ut,</strong></span> <span class='ocrx_word' id='word_1_85' title='bbox 387 1270 442 1328; x_wconf 91' lang='lat' dir='ltr'><strong>etsi</strong></span> <span class='ocrx_word' id='word_1_86' title='bbox 452 1269 558 1349; x_wconf 81' lang='lat' dir='ltr'>singuli</span> <span class='ocrx_word' id='word_1_87' title='bbox 572 1287 628 1350; x_wconf 88' lang='lat' dir='ltr'><strong>per</strong></span> <span class='ocrx_word' id='word_1_88' title='bbox 639 1289 670 1330; x_wconf 83' lang='lat' dir='ltr'><strong>se</strong></span> <span class='ocrx_word' id='word_1_89' title='bbox 679 1280 824 1341; x_wconf 87' lang='lat' dir='ltr'><strong>constent,</strong></span> <span class='ocrx_word' id='word_1_90' title='bbox 839 1280 937 1328; x_wconf 88' lang='lat' dir='ltr'><strong>tamen</strong></span> <span class='ocrx_word' id='word_1_91' title='bbox 968 1277 1122 1353; x_wconf 86' lang='lat' dir='ltr'><strong>erpetuatc</strong></span> <span class='ocrx_word' id='word_1_92' title='bbox 1128 1264 1253 1349; x_wconf 39' lang='lat' dir='ltr'><strong>numera,</strong></span> 
     </span>
    </p>

    <p class='ocr_par' dir='ltr' id='par_1_5' title="bbox 1 1289 1289 2247">
     <span class='ocr_line' id='line_1_12' title="bbox 29 1289 1289 1451; baseline -0.002 -41"><span class='ocrx_word' id='word_1_93' title='bbox 29 1426 33 1451; x_wconf 45' lang='grc' dir='ltr'>ί</span> <span class='ocrx_word' id='word_1_94' title='bbox 120 1362 309 1430; x_wconf 82' lang='lat' dir='ltr'><strong>systematum</strong></span> <span class='ocrx_word' id='word_1_95' title='bbox 319 1369 401 1411; x_wconf 87' lang='lat' dir='ltr'><strong>more</strong></span> <span class='ocrx_word' id='word_1_96' title='bbox 411 1351 588 1412; x_wconf 73' lang='lat' dir='ltr'><strong>cohaereant.</strong></span> <span class='ocrx_word' id='word_1_97' title='bbox 609 1351 691 1411; x_wconf 85' lang='lat' dir='ltr'><strong>Hinc</strong></span> <span class='ocrx_word' id='word_1_98' title='bbox 699 1350 772 1410; x_wconf 91' lang='lat' dir='ltr'><strong>illud</strong></span> <span class='ocrx_word' id='word_1_99' title='bbox 782 1363 837 1421; x_wconf 83' lang='lat' dir='ltr'><strong>est,</strong></span> <span class='ocrx_word' id='word_1_100' title='bbox 851 1350 931 1429; x_wconf 92' lang='lat' dir='ltr'><strong>quod</strong></span> <span class='ocrx_word' id='word_1_101' title='bbox 946 1289 1148 1444; x_wconf 57' lang='lat' dir='ltr'><strong>Bentleiucad</strong></span> <span class='ocrx_word' id='word_1_102' title='bbox 1162 1346 1252 1419; x_wconf 69' lang='lat' dir='ltr'><strong>Andr.¹</strong></span> <span class='ocrx_word' id='word_1_103' title='bbox 1287 1374 1289 1431; x_wconf 76' lang='lat'>3</span> 
     </span>
     <span class='ocr_line' id='line_1_13' title="bbox 1 1429 1251 1514; baseline 0 -24"><span class='ocrx_word' id='word_1_104' title='bbox 1 1490 4 1497; x_wconf 86' lang='grc'>,</span> <span class='ocrx_word' id='word_1_105' title='bbox 120 1433 164 1491; x_wconf 91' lang='lat' dir='ltr'><strong>ll.</strong></span> <span class='ocrx_word' id='word_1_106' title='bbox 181 1435 247 1504; x_wconf 83' lang='lat'><strong>1,7.</strong></span> <span class='ocrx_word' id='word_1_107' title='bbox 259 1433 336 1494; x_wconf 86' lang='lat' dir='ltr'><strong>Eun.</strong></span> <span class='ocrx_word' id='word_1_108' title='bbox 351 1433 393 1494; x_wconf 88' lang='lat'><strong>11.</strong></span> <span class='ocrx_word' id='word_1_109' title='bbox 408 1440 437 1506; x_wconf 89' lang='lat' dir='ltr'><strong>l,</strong></span> <span class='ocrx_word' id='word_1_110' title='bbox 451 1438 497 1495; x_wconf 76' lang='lat' dir='ltr'><strong>la.</strong></span> <span class='ocrx_word' id='word_1_111' title='bbox 514 1434 642 1514; x_wconf 81' lang='lat' dir='ltr'><strong>Adelph.</strong></span> <span class='ocrx_word' id='word_1_112' title='bbox 653 1434 734 1506; x_wconf 88' lang='lat'><strong>11.1,</strong></span> <span class='ocrx_word' id='word_1_113' title='bbox 752 1439 798 1495; x_wconf 90' lang='lat' dir='ltr'><strong>ll.</strong></span> <span class='ocrx_word' id='word_1_114' title='bbox 813 1433 987 1503; x_wconf 75' lang='lat' dir='ltr'><strong>observavit,</strong></span> <span class='ocrx_word' id='word_1_115' title='bbox 996 1429 1251 1490; x_wconf 73' lang='lat' dir='ltr'><strong>uocharcosocu·</strong></span> 
     </span>
     <span class='ocr_line' id='line_1_14' title="bbox 121 1507 1248 1594; baseline -0.003 -20"><span class='ocrx_word' id='word_1_116' title='bbox 121 1514 218 1574; x_wconf 89' lang='lat' dir='ltr'><strong>uarios</strong></span> <span class='ocrx_word' id='word_1_117' title='bbox 231 1521 344 1593; x_wconf 79' lang='lat' dir='ltr'>semper</span> <span class='ocrx_word' id='word_1_118' title='bbox 358 1534 376 1573; x_wconf 91' lang='lat' dir='ltr'><strong>a</strong></span> <span class='ocrx_word' id='word_1_119' title='bbox 389 1515 546 1575; x_wconf 81' lang='lat' dir='ltr'><strong>trochaicis</strong></span> <span class='ocrx_word' id='word_1_120' title='bbox 558 1516 687 1576; x_wconf 82' lang='lat' dir='ltr'><strong>numeria</strong></span> <span class='ocrx_word' id='word_1_121' title='bbox 699 1514 807 1594; x_wconf 78' lang='lat' dir='ltr'><strong>excipi,</strong></span> <span class='ocrx_word' id='word_1_122' title='bbox 830 1512 1000 1593; x_wconf 69' lang='lat' dir='ltr'><strong>septenariis</strong></span> <span class='ocrx_word' id='word_1_123' title='bbox 1012 1521 1114 1571; x_wconf 85' lang='lat' dir='ltr'><strong>autem</strong></span> <span class='ocrx_word' id='word_1_124' title='bbox 1130 1507 1248 1581; x_wconf 57' lang='lat' dir='ltr'><strong>lambio</strong></span> 
     </span>
     <span class='ocr_line' id='line_1_15' title="bbox 121 1593 1248 1675; baseline 0.006 -21"><span class='ocrx_word' id='word_1_125' title='bbox 121 1607 216 1655; x_wconf 88' lang='lat' dir='ltr'><strong>metra</strong></span> <span class='ocrx_word' id='word_1_126' title='bbox 239 1597 409 1658; x_wconf 84' lang='lat' dir='ltr'><strong>succedere.</strong></span> <span class='ocrx_word' id='word_1_127' title='bbox 448 1600 517 1667; x_wconf 83' lang='lat' dir='ltr'><strong>Qua</strong></span> <span class='ocrx_word' id='word_1_128' title='bbox 539 1598 571 1661; x_wconf 85' lang='lat' dir='ltr'><strong>in</strong></span> <span class='ocrx_word' id='word_1_129' title='bbox 593 1617 627 1659; x_wconf 87' lang='lat' dir='ltr'><strong>re</strong></span> <span class='ocrx_word' id='word_1_130' title='bbox 647 1597 828 1657; x_wconf 86' lang='lat' dir='ltr'><strong>observanda</strong></span> <span class='ocrx_word' id='word_1_131' title='bbox 846 1615 907 1663; x_wconf 81' lang='lat' dir='ltr'><strong>uon</strong></span> <span class='ocrx_word' id='word_1_132' title='bbox 925 1605 1023 1657; x_wconf 84' lang='lat' dir='ltr'><strong>tamen</strong></span> <span class='ocrx_word' id='word_1_133' title='bbox 1037 1593 1108 1673; x_wconf 65' lang='lat' dir='ltr'><strong>tatis</strong></span> <span class='ocrx_word' id='word_1_134' title='bbox 1122 1604 1248 1675; x_wconf 61' lang='lat' dir='ltr'><strong>tantm</strong></span> 
     </span>
     <span class='ocr_line' id='line_1_16' title="bbox 124 1676 1249 1757; baseline 0 -23"><span class='ocrx_word' id='word_1_135' title='bbox 124 1677 182 1735; x_wconf 86' lang='lat' dir='ltr'><strong>fuit</strong></span> <span class='ocrx_word' id='word_1_136' title='bbox 195 1677 238 1735; x_wconf 91' lang='lat' dir='ltr'><strong>vir</strong></span> <span class='ocrx_word' id='word_1_137' title='bbox 251 1679 513 1757; x_wconf 69' lang='lat' dir='ltr'><strong>praestantissimus.</strong></span> <span class='ocrx_word' id='word_1_138' title='bbox 555 1678 609 1749; x_wconf 76' lang='lat' dir='ltr'><strong>Ita,</strong></span> <span class='ocrx_word' id='word_1_139' title='bbox 632 1698 723 1757; x_wconf 89' lang='lat' dir='ltr'><strong>quum</strong></span> <span class='ocrx_word' id='word_1_140' title='bbox 736 1678 774 1745; x_wconf 86' lang='lat' dir='ltr'><strong>ad</strong></span> <span class='ocrx_word' id='word_1_141' title='bbox 789 1678 900 1746; x_wconf 81' lang='lat' dir='ltr'><strong>Heaut.</strong></span> <span class='ocrx_word' id='word_1_142' title='bbox 915 1676 942 1739; x_wconf 90' lang='lat'><strong>1.</strong></span> <span class='ocrx_word' id='word_1_143' title='bbox 954 1679 984 1748; x_wconf 74' lang='lat'><strong>2,</strong></span> <span class='ocrx_word' id='word_1_144' title='bbox 1009 1679 1060 1745; x_wconf 74' lang='lat'><strong>13.</strong></span> <span class='ocrx_word' id='word_1_145' title='bbox 1079 1686 1181 1755; x_wconf 66' lang='lat' dir='ltr'><strong>negot,</strong></span> <span class='ocrx_word' id='word_1_146' title='bbox 1195 1686 1249 1741; x_wconf 82' lang='lat' dir='ltr'><strong>=trh-</strong></span> 
     </span>
     <span class='ocr_line' id='line_1_17' title="bbox 126 1754 1247 1835; baseline -0.004 -18"><span class='ocrx_word' id='word_1_147' title='bbox 126 1759 229 1817; x_wconf 91' lang='lat' dir='ltr'><strong>chaico</strong></span> <span class='ocrx_word' id='word_1_148' title='bbox 245 1761 338 1819; x_wconf 84' lang='lat' dir='ltr'><strong>versui</strong></span> <span class='ocrx_word' id='word_1_149' title='bbox 353 1760 430 1823; x_wconf 89' lang='lat' dir='ltr'><strong>inter</strong></span> <span class='ocrx_word' id='word_1_150' title='bbox 442 1758 582 1823; x_wconf 69' lang='lat' dir='ltr'><strong>iambicos</strong></span> <span class='ocrx_word' id='word_1_151' title='bbox 595 1759 695 1821; x_wconf 87' lang='lat' dir='ltr'><strong>locum</strong></span> <span class='ocrx_word' id='word_1_152' title='bbox 706 1779 782 1833; x_wconf 84' lang='lat' dir='ltr'><strong>esse,</strong></span> <span class='ocrx_word' id='word_1_153' title='bbox 802 1770 903 1820; x_wconf 81' lang='lat' dir='ltr'><strong>tamen</strong></span> <span class='ocrx_word' id='word_1_154' title='bbox 914 1757 947 1818; x_wconf 88' lang='lat' dir='ltr'><strong>id</strong></span> <span class='ocrx_word' id='word_1_155' title='bbox 959 1756 1139 1835; x_wconf 70' lang='lat' dir='ltr'><strong>lieri-prm</strong></span> <span class='ocrx_word' id='word_1_156' title='bbox 1158 1766 1203 1819; x_wconf 84' lang='lat' dir='ltr'><strong>est</strong></span> <span class='ocrx_word' id='word_1_157' title='bbox 1222 1754 1247 1812; x_wconf 84' lang='lat' dir='ltr'><strong>ia</strong></span> 
     </span>
     <span class='ocr_line' id='line_1_18' title="bbox 128 1837 1249 1927; baseline -0.009 -22"><span class='ocrx_word' id='word_1_158' title='bbox 128 1840 207 1904; x_wconf 81' lang='lat' dir='ltr'><strong>Eun·</strong></span> <span class='ocrx_word' id='word_1_159' title='bbox 221 1840 263 1899; x_wconf 84' lang='lat' dir='ltr'><strong>II·</strong></span> <span class='ocrx_word' id='word_1_160' title='bbox 282 1845 312 1913; x_wconf 80' lang='grc'><strong>3,</strong></span> <span class='ocrx_word' id='word_1_161' title='bbox 334 1843 363 1906; x_wconf 88' lang='grc'><strong>7.</strong></span> <span class='ocrx_word' id='word_1_162' title='bbox 383 1845 434 1903; x_wconf 87' lang='lat'><strong>85.</strong></span> <span class='ocrx_word' id='word_1_163' title='bbox 475 1842 674 1909; x_wconf 83' lang='lat' dir='ltr'><strong>Quamobrem</strong></span> <span class='ocrx_word' id='word_1_164' title='bbox 698 1841 806 1905; x_wconf 87' lang='lat' dir='ltr'><strong>rectius</strong></span> <span class='ocrx_word' id='word_1_165' title='bbox 829 1839 872 1903; x_wconf 90' lang='lat' dir='ltr'><strong>ita</strong></span> <span class='ocrx_word' id='word_1_166' title='bbox 892 1838 1062 1921; x_wconf 81' lang='lat' dir='ltr'><strong>sentiemus,</strong></span> <span class='ocrx_word' id='word_1_167' title='bbox 1104 1837 1249 1927; x_wconf 73' lang='lat' dir='ltr'><strong>uieumpo</strong></span> 
     </span>
     <span class='ocr_line' id='line_1_19' title="bbox 124 1858 1250 2003; baseline -0.002 -24"><span class='ocrx_word' id='word_1_168' title='bbox 124 1940 224 1981; x_wconf 87' lang='lat' dir='ltr'><strong>versus</strong></span> <span class='ocrx_word' id='word_1_169' title='bbox 236 1923 432 2003; x_wconf 81' lang='lat' dir='ltr'><strong>perpetuitate</strong></span> <span class='ocrx_word' id='word_1_170' title='bbox 446 1922 571 2002; x_wconf 86' lang='lat' dir='ltr'><strong>quadam</strong></span> <span class='ocrx_word' id='word_1_171' title='bbox 585 1923 762 1995; x_wconf 72' lang='lat' dir='ltr'><strong>cohereant,</strong></span> <span class='ocrx_word' id='word_1_172' title='bbox 783 1941 884 1982; x_wconf 85' lang='lat' dir='ltr'><strong>eorum</strong></span> <span class='ocrx_word' id='word_1_173' title='bbox 896 1920 975 1987; x_wconf 84' lang='lat' dir='ltr'><strong>hana</strong></span> <span class='ocrx_word' id='word_1_174' title='bbox 995 1938 1058 1983; x_wconf 77' lang='lat' dir='ltr'><strong>csse</strong></span> <span class='ocrx_word' id='word_1_175' title='bbox 1083 1858 1197 1999; x_wconf 71' lang='lat' dir='ltr'><strong>debere¹</strong></span> <span class='ocrx_word' id='word_1_176' title='bbox 1211 1934 1250 1997; x_wconf 63' lang='lat' dir='ltr'><strong>rae,</strong></span> 
     </span>
     <span class='ocr_line' id='line_1_20' title="bbox 125 1994 1246 2093; baseline 0.001 -31"><span class='ocrx_word' id='word_1_177' title='bbox 125 2002 248 2093; x_wconf 67' lang='lat' dir='ltr'><strong>tionem,</strong></span> <span class='ocrx_word' id='word_1_178' title='bbox 270 2006 304 2075; x_wconf 80' lang='lat' dir='ltr'><strong>u&#39;t</strong></span> <span class='ocrx_word' id='word_1_179' title='bbox 326 2003 403 2065; x_wconf 88' lang='lat' dir='ltr'><strong>thesi</strong></span> <span class='ocrx_word' id='word_1_180' title='bbox 424 2004 612 2075; x_wconf 82' lang='lat' dir='ltr'><strong>terminatum</strong></span> <span class='ocrx_word' id='word_1_181' title='bbox 633 2023 748 2065; x_wconf 89' lang='lat' dir='ltr'><strong>versum</strong></span> <span class='ocrx_word' id='word_1_182' title='bbox 768 2020 868 2067; x_wconf 86' lang='lat' dir='ltr'><strong>versus</strong></span> <span class='ocrx_word' id='word_1_183' title='bbox 888 1999 1064 2073; x_wconf 72' lang='lat' dir='ltr'><strong>trochaicus,</strong></span> <span class='ocrx_word' id='word_1_184' title='bbox 1086 2000 1189 2087; x_wconf 77' lang='lat' dir='ltr'><strong>quial)</strong></span> <span class='ocrx_word' id='word_1_185' title='bbox 1201 1994 1246 2069; x_wconf 77' lang='lat' dir='ltr'><strong>orl</strong></span> 
     </span>
     <span class='ocr_line' id='line_1_21' title="bbox 123 2081 1247 2171; baseline 0.004 -29"><span class='ocrx_word' id='word_1_186' title='bbox 123 2083 237 2163; x_wconf 83' lang='lat' dir='ltr'><strong>incipit,</strong></span> <span class='ocrx_word' id='word_1_187' title='bbox 258 2083 315 2153; x_wconf 85' lang='lat' dir='ltr'><strong>arsi</strong></span> <span class='ocrx_word' id='word_1_188' title='bbox 328 2097 427 2151; x_wconf 87' lang='lat' dir='ltr'><strong>autem</strong></span> <span class='ocrx_word' id='word_1_189' title='bbox 440 2085 628 2153; x_wconf 86' lang='lat' dir='ltr'><strong>terminatum</strong></span> <span class='ocrx_word' id='word_1_190' title='bbox 642 2085 794 2159; x_wconf 88' lang='lat' dir='ltr'><strong>iambicus,</strong></span> <span class='ocrx_word' id='word_1_191' title='bbox 815 2084 865 2165; x_wconf 84' lang='lat' dir='ltr'><strong>qui</strong></span> <span class='ocrx_word' id='word_1_192' title='bbox 878 2081 982 2163; x_wconf 85' lang='lat' dir='ltr'><strong>incipit</strong></span> <span class='ocrx_word' id='word_1_193' title='bbox 993 2084 1032 2143; x_wconf 81' lang='lat' dir='ltr'><strong>ab</strong></span> <span class='ocrx_word' id='word_1_194' title='bbox 1047 2081 1193 2171; x_wconf 73' lang='lat' dir='ltr'><strong>emereri,</strong></span> <span class='ocrx_word' id='word_1_195' title='bbox 1210 2097 1247 2149; x_wconf 66' lang='lat' dir='ltr'><strong>ab</strong></span> 
     </span>
     <span class='ocr_line' id='line_1_22' title="bbox 120 2165 1209 2247; baseline 0.001 -23"><span class='ocrx_word' id='word_1_196' title='bbox 120 2174 249 2245; x_wconf 76' lang='lat' dir='ltr'><strong>&#39;quatum</strong></span> <span class='ocrx_word' id='word_1_197' title='bbox 271 2186 330 2245; x_wconf 89' lang='lat' dir='ltr'><strong>quo</strong></span> <span class='ocrx_word' id='word_1_198' title='bbox 344 2168 406 2228; x_wconf 89' lang='lat' dir='ltr'><strong>solo</strong></span> <span class='ocrx_word' id='word_1_199' title='bbox 420 2167 508 2229; x_wconf 90' lang='lat' dir='ltr'><strong>modo</strong></span> <span class='ocrx_word' id='word_1_200' title='bbox 521 2167 630 2237; x_wconf 81' lang='lat' dir='ltr'><strong>serrari</strong></span> <span class='ocrx_word' id='word_1_201' title='bbox 643 2167 699 2229; x_wconf 81' lang='lat' dir='ltr'><strong>iata</strong></span> <span class='ocrx_word' id='word_1_202' title='bbox 712 2165 892 2246; x_wconf 86' lang='lat' dir='ltr'><strong>perpetuitas</strong></span> <span class='ocrx_word' id='word_1_203' title='bbox 900 2174 1012 2247; x_wconf 85' lang='lat' dir='ltr'><strong>potest.</strong></span> <span class='ocrx_word' id='word_1_204' title='bbox 1206 2230 1209 2235; x_wconf 61' lang='grc'><strong>,</strong></span> 
     </span>
    </p>

    <p class='ocr_par' dir='ltr' id='par_1_6' title="bbox 126 2246 1251 2818">
     <span class='ocr_line' id='line_1_23' title="bbox 169 2246 1246 2329; baseline -0.008 -21"><span class='ocrx_word' id='word_1_205' title='bbox 169 2253 198 2308; x_wconf 86' lang='grc'><strong>9.</strong></span> <span class='ocrx_word' id='word_1_206' title='bbox 220 2246 346 2308; x_wconf 79' lang='lat' dir='ltr'><strong>Videtur&#39;</strong></span> <span class='ocrx_word' id='word_1_207' title='bbox 357 2260 456 2309; x_wconf 88' lang='lat' dir='ltr'><strong>tamen</strong></span> <span class='ocrx_word' id='word_1_208' title='bbox 468 2249 528 2308; x_wconf 90' lang='lat' dir='ltr'><strong>hoc</strong></span> <span class='ocrx_word' id='word_1_209' title='bbox 541 2248 583 2310; x_wconf 92' lang='lat' dir='ltr'><strong>ita</strong></span> <span class='ocrx_word' id='word_1_210' title='bbox 603 2249 775 2329; x_wconf 87' lang='lat' dir='ltr'><strong>plerumque</strong></span> <span class='ocrx_word' id='word_1_211' title='bbox 794 2248 905 2306; x_wconf 82' lang='lat' dir='ltr'><strong>factum</strong></span> <span class='ocrx_word' id='word_1_212' title='bbox 930 2265 1004 2315; x_wconf 82' lang='lat' dir='ltr'><strong>esse,</strong></span> <span class='ocrx_word' id='word_1_213' title='bbox 1026 2256 1059 2304; x_wconf 90' lang='lat' dir='ltr'><strong>ut</strong></span> <span class='ocrx_word' id='word_1_214' title='bbox 1081 2263 1182 2305; x_wconf 80' lang='lat' dir='ltr'><strong>versus</strong></span> <span class='ocrx_word' id='word_1_215' title='bbox 1200 2258 1246 2302; x_wconf 86' lang='lat' dir='ltr'><strong>non</strong></span> 
     </span>
     <span class='ocr_line' id='line_1_24' title="bbox 126 2319 1248 2409; baseline -0.001 -23"><span class='ocrx_word' id='word_1_216' title='bbox 126 2348 180 2408; x_wconf 89' lang='lat' dir='ltr'><strong>per</strong></span> <span class='ocrx_word' id='word_1_217' title='bbox 195 2329 340 2404; x_wconf 60' lang='lat' dir='ltr'><strong>wallace»,</strong></span> <span class='ocrx_word' id='word_1_218' title='bbox 361 2350 449 2409; x_wconf 90' lang='lat' dir='ltr'><strong>quam</strong></span> <span class='ocrx_word' id='word_1_219' title='bbox 463 2330 562 2389; x_wconf 86' lang='lat' dir='ltr'><strong>Graeci</strong></span> <span class='ocrx_word' id='word_1_220' title='bbox 574 2341 692 2403; x_wconf 84' lang='lat' dir='ltr'><strong>vocant,</strong></span> <span class='ocrx_word' id='word_1_221' title='bbox 714 2332 975 2409; x_wconf 87' lang='lat' dir='ltr'><strong>conjungerentur,</strong></span> <span class='ocrx_word' id='word_1_222' title='bbox 996 2325 1051 2391; x_wconf 79' lang='lat' dir='ltr'><strong>etri</strong></span> <span class='ocrx_word' id='word_1_223' title='bbox 1064 2335 1142 2399; x_wconf 75' lang='lat' dir='ltr'><strong>euni,</strong></span> <span class='ocrx_word' id='word_1_224' title='bbox 1155 2319 1248 2405; x_wconf 79' lang='lat' dir='ltr'><strong>siquid</strong></span> 
     </span>
     <span class='ocr_line' id='line_1_25' title="bbox 130 2406 1248 2491; baseline -0.003 -24"><span class='ocrx_word' id='word_1_225' title='bbox 130 2410 226 2480; x_wconf 88' lang='lat' dir='ltr'><strong>video,</strong></span> <span class='ocrx_word' id='word_1_226' title='bbox 247 2430 307 2477; x_wconf 80' lang='lat' dir='ltr'><strong>non</strong></span> <span class='ocrx_word' id='word_1_227' title='bbox 328 2410 438 2490; x_wconf 90' lang='lat' dir='ltr'><strong>ubique</strong></span> <span class='ocrx_word' id='word_1_228' title='bbox 462 2413 639 2491; x_wconf 82' lang='lat' dir='ltr'><strong>rejecerunt.</strong></span> <span class='ocrx_word' id='word_1_229' title='bbox 678 2416 747 2480; x_wconf 78' lang='lat' dir='ltr'><strong>Qua</strong></span> <span class='ocrx_word' id='word_1_230' title='bbox 768 2413 798 2469; x_wconf 91' lang='lat' dir='ltr'><strong>in</strong></span> <span class='ocrx_word' id='word_1_231' title='bbox 822 2430 855 2470; x_wconf 91' lang='lat' dir='ltr'><strong>re</strong></span> <span class='ocrx_word' id='word_1_232' title='bbox 873 2406 974 2470; x_wconf 89' lang='lat' dir='ltr'><strong>subtili</strong></span> <span class='ocrx_word' id='word_1_233' title='bbox 989 2408 1103 2491; x_wconf 82' lang='lat' dir='ltr'><strong>judicio</strong></span> <span class='ocrx_word' id='word_1_234' title='bbox 1123 2427 1143 2468; x_wconf 91' lang='lat' dir='ltr'><strong>o</strong></span> <span class='ocrx_word' id='word_1_235' title='bbox 1163 2413 1248 2467; x_wconf 84' lang='lat' dir='ltr'><strong>usest.</strong></span> 
     </span>
     <span class='ocr_line' id='line_1_26' title="bbox 132 2426 1251 2628; baseline -0.005 -78"><span class='ocrx_word' id='word_1_236' title='bbox 132 2489 299 2550; x_wconf 91' lang='lat' dir='ltr'><strong>Bentleium</strong></span> <span class='ocrx_word' id='word_1_237' title='bbox 323 2490 440 2570; x_wconf 89' lang='lat' dir='ltr'><strong>quidem</strong></span> <span class='ocrx_word' id='word_1_238' title='bbox 464 2511 523 2550; x_wconf 91' lang='lat' dir='ltr'><strong>non</strong></span> <span class='ocrx_word' id='word_1_239' title='bbox 543 2492 612 2551; x_wconf 86' lang='lat' dir='ltr'><strong>satis</strong></span> <span class='ocrx_word' id='word_1_240' title='bbox 633 2493 804 2571; x_wconf 86' lang='lat' dir='ltr'><strong>diligentem</strong></span> <span class='ocrx_word' id='word_1_241' title='bbox 824 2493 882 2551; x_wconf 91' lang='lat' dir='ltr'><strong>hcc</strong></span> <span class='ocrx_word' id='word_1_242' title='bbox 896 2492 926 2549; x_wconf 92' lang='lat' dir='ltr'><strong>in</strong></span> <span class='ocrx_word' id='word_1_243' title='bbox 941 2510 1049 2570; x_wconf 87' lang='lat' dir='ltr'><strong>genere</strong></span> <span class='ocrx_word' id='word_1_244' title='bbox 1063 2426 1187 2628; x_wconf 74' lang='lat' dir='ltr'><strong>sepedo.</strong></span> <span class='ocrx_word' id='word_1_245' title='bbox 1221 2486 1251 2561; x_wconf 82' lang='lat' dir='ltr'><strong>In</strong></span> 
     </span>
     <span class='ocr_line' id='line_1_27' title="bbox 132 2571 1248 2654; baseline 0.004 -26"><span class='ocrx_word' id='word_1_246' title='bbox 132 2571 252 2651; x_wconf 77' lang='lat' dir='ltr'><strong>Phorm.</strong></span> <span class='ocrx_word' id='word_1_247' title='bbox 266 2571 303 2630; x_wconf 90' lang='lat' dir='ltr'><strong>V.</strong></span> <span class='ocrx_word' id='word_1_248' title='bbox 320 2576 348 2642; x_wconf 60' lang='lat'><strong>1⁴,</strong></span> <span class='ocrx_word' id='word_1_249' title='bbox 372 2578 399 2633; x_wconf 94' lang='grc'><strong>1.</strong></span> <span class='ocrx_word' id='word_1_250' title='bbox 412 2571 478 2631; x_wconf 87' lang='lat' dir='ltr'><strong>libri</strong></span> <span class='ocrx_word' id='word_1_251' title='bbox 492 2592 551 2631; x_wconf 90' lang='lat' dir='ltr'><strong>nou</strong></span> <span class='ocrx_word' id='word_1_252' title='bbox 565 2583 666 2654; x_wconf 67' lang='lat' dir='ltr'><strong>,atqua</strong></span> <span class='ocrx_word' id='word_1_253' title='bbox 687 2574 740 2633; x_wconf 88' lang='lat' dir='ltr'><strong>sed</strong></span> <span class='ocrx_word' id='word_1_254' title='bbox 763 2585 813 2634; x_wconf 83' lang='lat' dir='ltr'><strong>out</strong></span> <span class='ocrx_word' id='word_1_255' title='bbox 835 2573 867 2630; x_wconf 88' lang='lat' dir='ltr'><strong>in</strong></span> <span class='ocrx_word' id='word_1_256' title='bbox 890 2573 948 2632; x_wconf 91' lang='lat' dir='ltr'><strong>fine</strong></span> <span class='ocrx_word' id='word_1_257' title='bbox 969 2578 1069 2632; x_wconf 70' lang='lat' dir='ltr'><strong>tersus</strong></span> <span class='ocrx_word' id='word_1_258' title='bbox 1110 2573 1206 2643; x_wconf 71' lang='lat' dir='ltr'><strong>abent,</strong></span> <span class='ocrx_word' id='word_1_259' title='bbox 1220 2576 1248 2648; x_wconf 51' lang='lat' dir='ltr'><strong>¹el</strong></span> 
     </span>
     <span class='ocr_line' id='line_1_28' title="bbox 131 2652 1249 2735; baseline 0 -24"><span class='ocrx_word' id='word_1_260' title='bbox 131 2663 224 2712; x_wconf 87' lang='lat' dir='ltr'><strong>recte.</strong></span> <span class='ocrx_word' id='word_1_261' title='bbox 263 2654 299 2715; x_wconf 88' lang='lat' dir='ltr'><strong>In</strong></span> <span class='ocrx_word' id='word_1_262' title='bbox 314 2652 392 2715; x_wconf 89' lang='lat' dir='ltr'><strong>Eun.</strong></span> <span class='ocrx_word' id='word_1_263' title='bbox 407 2654 461 2723; x_wconf 90' lang='lat' dir='ltr'><strong>lV,</strong></span> <span class='ocrx_word' id='word_1_264' title='bbox 478 2658 505 2727; x_wconf 88' lang='lat' dir='ltr'><strong>l,</strong></span> <span class='ocrx_word' id='word_1_265' title='bbox 529 2659 577 2719; x_wconf 91' lang='lat' dir='ltr'><strong>ll.</strong></span> <span class='ocrx_word' id='word_1_266' title='bbox 590 2673 687 2728; x_wconf 86' lang='lat' dir='ltr'><strong>nemo,</strong></span> <span class='ocrx_word' id='word_1_267' title='bbox 702 2654 753 2735; x_wconf 87' lang='lat' dir='ltr'><strong>qui</strong></span> <span class='ocrx_word' id='word_1_268' title='bbox 766 2654 930 2725; x_wconf 78' lang='lat' dir='ltr'><strong>adsensum</strong></span> <span class='ocrx_word' id='word_1_269' title='bbox 939 2654 1106 2725; x_wconf 86' lang='lat' dir='ltr'><strong>verborum,</strong></span> <span class='ocrx_word' id='word_1_270' title='bbox 1120 2665 1249 2731; x_wconf 78' lang='lat' dir='ltr'><strong>quamque</strong></span> 
     </span>
     <span class='ocr_line' id='line_1_29' title="bbox 132 2734 1249 2818; baseline 0.004 -26"><span class='ocrx_word' id='word_1_271' title='bbox 132 2734 183 2794; x_wconf 91' lang='lat' dir='ltr'><strong>ille</strong></span> <span class='ocrx_word' id='word_1_272' title='bbox 206 2734 479 2814; x_wconf 67' lang='lat' dir='ltr'><strong>pronunciationem</strong></span> <span class='ocrx_word' id='word_1_273' title='bbox 500 2735 605 2815; x_wconf 78' lang='lat' dir='ltr'><strong>exigit,</strong></span> <span class='ocrx_word' id='word_1_274' title='bbox 624 2736 794 2809; x_wconf 83' lang='lat' dir='ltr'><strong>attenderit,</strong></span> <span class='ocrx_word' id='word_1_275' title='bbox 811 2735 939 2818; x_wconf 77' lang='lat' dir='ltr'><strong>gentiam</strong></span> <span class='ocrx_word' id='word_1_276' title='bbox 953 2734 1130 2809; x_wconf 59' lang='lat' dir='ltr'><strong>nimmia</strong></span> <span class='ocrx_word' id='word_1_277' title='bbox 1142 2749 1249 2813; x_wconf 73' lang='lat' dir='ltr'><strong>aequen-</strong></span> 
     </span>
    </p>

    <p class='ocr_par' dir='ltr' id='par_1_7' title="bbox 23 2812 1289 2959">
     <span class='ocr_line' id='line_1_30' title="bbox 23 2812 1282 2901; baseline 0.003 -26"><span class='ocrx_word' id='word_1_278' title='bbox 23 2882 25 2886; x_wconf 11' lang='grc' dir='ltr'><em>Α</em></span> <span class='ocrx_word' id='word_1_279' title='bbox 131 2826 193 2901; x_wconf 83' lang='lat' dir='ltr'><strong>tem</strong></span> <span class='ocrx_word' id='word_1_280' title='bbox 214 2836 330 2876; x_wconf 86' lang='lat' dir='ltr'><strong>versum</strong></span> <span class='ocrx_word' id='word_1_281' title='bbox 354 2818 481 2896; x_wconf 71' lang='lat' dir='ltr'><strong>abjicere</strong></span> <span class='ocrx_word' id='word_1_282' title='bbox 502 2818 639 2896; x_wconf 85' lang='lat' dir='ltr'><strong>patietur.</strong></span> <span class='ocrx_word' id='word_1_283' title='bbox 682 2818 815 2899; x_wconf 86' lang='lat' dir='ltr'><strong>Expulsa</strong></span> <span class='ocrx_word' id='word_1_284' title='bbox 837 2815 1078 2897; x_wconf 81' lang='lat' dir='ltr'><strong>interpretatione</strong></span> <span class='ocrx_word' id='word_1_285' title='bbox 1099 2814 1196 2887; x_wconf 79' lang='lat' dir='ltr'><strong>uoluit,</strong></span> <span class='ocrx_word' id='word_1_286' title='bbox 1219 2812 1252 2879; x_wconf 77' lang='lat' dir='ltr'><strong>ill</strong></span> <span class='ocrx_word' id='word_1_287' title='bbox 1278 2828 1282 2835; x_wconf 91' lang='lat'>&#39;</span> 
     </span>
     <span class='ocr_line' id='line_1_31' title="bbox 133 2894 1289 2959; baseline 0.007 -3"><span class='ocrx_word' id='word_1_288' title='bbox 133 2898 278 2957; x_wconf 91' lang='lat' dir='ltr'><strong>scribendi</strong></span> <span class='ocrx_word' id='word_1_289' title='bbox 292 2900 323 2956; x_wconf 93' lang='lat' dir='ltr'><strong>hi</strong></span> <span class='ocrx_word' id='word_1_290' title='bbox 336 2918 450 2959; x_wconf 86' lang='lat' dir='ltr'><strong>versus:</strong></span> <span class='ocrx_word' id='word_1_291' title='bbox 1283 2894 1289 2925; x_wconf 86' lang='lat'><strong>&#39;&#39;</strong></span> 
     </span>
    </p>
   </div>
   <div class='ocr_carea' id='block_1_4' title="bbox 130 3013 1186 3229">
    <p class='ocr_par' dir='ltr' id='par_1_8' title="bbox 130 3013 1186 3229">
     <span class='ocr_line' id='line_1_32' title="bbox 207 3013 1107 3091; baseline 0.008 -24"><span class='ocrx_word' id='word_1_292' title='bbox 207 3013 285 3078; x_wconf 81' lang='lat' dir='ltr'><strong>miles</strong></span> <span class='ocrx_word' id='word_1_293' title='bbox 296 3029 360 3077; x_wconf 81' lang='lat' dir='ltr'><strong>vero</strong></span> <span class='ocrx_word' id='word_1_294' title='bbox 372 3013 421 3069; x_wconf 87' lang='lat' dir='ltr'><strong>sibi</strong></span> <span class='ocrx_word' id='word_1_295' title='bbox 433 3021 527 3085; x_wconf 85' lang='lat' dir='ltr'><strong>putare</strong></span> <span class='ocrx_word' id='word_1_296' title='bbox 540 3014 684 3078; x_wconf 77' lang='lat' dir='ltr'><strong>addictum</strong></span> <span class='ocrx_word' id='word_1_297' title='bbox 694 3022 757 3071; x_wconf 90' lang='lat' dir='ltr'><strong>ante</strong></span> <span class='ocrx_word' id='word_1_298' title='bbox 767 3015 861 3077; x_wconf 87' lang='lat' dir='ltr'><strong>oculos</strong></span> <span class='ocrx_word' id='word_1_299' title='bbox 869 3013 1002 3073; x_wconf 70' lang='lat' dir='ltr'><strong>aemulum</strong></span> <span class='ocrx_word' id='word_1_300' title='bbox 1006 3032 1015 3080; x_wconf 76' lang='lat'>3</span> <span class='ocrx_word' id='word_1_301' title='bbox 1034 3068 1036 3074; x_wconf 73' lang='grc'>,</span> <span class='ocrx_word' id='word_1_302' title='bbox 1101 3078 1107 3091; x_wconf 62' lang='lat'><strong>,</strong></span> 
     </span>
     <span class='ocr_line' id='line_1_33' title="bbox 208 3082 1186 3166; baseline 0.008 -30"><span class='ocrx_word' id='word_1_303' title='bbox 208 3082 296 3138; x_wconf 73' lang='lat' dir='ltr'><strong>lacere</strong></span> <span class='ocrx_word' id='word_1_304' title='bbox 309 3094 403 3141; x_wconf 87' lang='lat' dir='ltr'><strong>contra</strong></span> <span class='ocrx_word' id='word_1_305' title='bbox 413 3084 477 3149; x_wconf 88' lang='lat' dir='ltr'><strong>huic</strong></span> <span class='ocrx_word' id='word_1_306' title='bbox 489 3083 579 3156; x_wconf 71' lang='lat' dir='ltr'><strong>aegre:</strong></span> <span class='ocrx_word' id='word_1_307' title='bbox 598 3086 674 3153; x_wconf 88' lang='lat' dir='ltr'><strong>heus,</strong></span> <span class='ocrx_word' id='word_1_308' title='bbox 690 3085 786 3157; x_wconf 88' lang='lat' dir='ltr'><strong>inquit,</strong></span> <span class='ocrx_word' id='word_1_309' title='bbox 803 3087 880 3166; x_wconf 80' lang='lat' dir='ltr'><strong>pirer,</strong></span> <span class='ocrx_word' id='word_1_310' title='bbox 896 3084 1186 3157; x_wconf 70' lang='lat' dir='ltr'><strong>acccrcePimphilam,</strong></span> 
     </span>
     <span class='ocr_line' id='line_1_34' title="bbox 130 3153 978 3229; baseline 0.008 -26"><span class='ocrx_word' id='word_1_311' title='bbox 130 3199 132 3203; x_wconf 89' lang='lat'><strong>.</strong></span> <span class='ocrx_word' id='word_1_312' title='bbox 209 3153 239 3209; x_wconf 81' lang='lat' dir='ltr'><strong>bt</strong></span> <span class='ocrx_word' id='word_1_313' title='bbox 252 3154 368 3211; x_wconf 89' lang='lat' dir='ltr'><strong>delectet</strong></span> <span class='ocrx_word' id='word_1_314' title='bbox 379 3154 423 3209; x_wconf 87' lang='lat' dir='ltr'><strong>hic</strong></span> <span class='ocrx_word' id='word_1_315' title='bbox 436 3173 496 3211; x_wconf 90' lang='lat' dir='ltr'><strong>uos:</strong></span> <span class='ocrx_word' id='word_1_316' title='bbox 518 3156 564 3211; x_wconf 91' lang='lat' dir='ltr'><strong>illa</strong></span> <span class='ocrx_word' id='word_1_317' title='bbox 575 3156 716 3223; x_wconf 71' lang='lat' dir='ltr'><strong>exclamat,</strong></span> <span class='ocrx_word' id='word_1_318' title='bbox 733 3156 841 3212; x_wconf 89' lang='lat' dir='ltr'><strong>minime</strong></span> <span class='ocrx_word' id='word_1_319' title='bbox 851 3154 978 3229; x_wconf 69' lang='lat' dir='ltr'><strong>gentium.</strong></span> 
     </span>
    </p>
   </div>
   <div class='ocr_carea' id='block_1_5' title="bbox 138 3252 1271 4067">
    <p class='ocr_par' dir='ltr' id='par_1_9' title="bbox 138 3252 1271 4067">
     <span class='ocr_line' id='line_1_35' title="bbox 138 3252 1271 3341; baseline 0.003 -25"><span class='ocrx_word' id='word_1_320' title='bbox 138 3257 285 3337; x_wconf 91' lang='lat' dir='ltr'><strong>Majorem</strong></span> <span class='ocrx_word' id='word_1_321' title='bbox 297 3257 358 3318; x_wconf 89' lang='lat' dir='ltr'><strong>veri</strong></span> <span class='ocrx_word' id='word_1_322' title='bbox 371 3259 499 3341; x_wconf 88' lang='lat' dir='ltr'><strong>speciem</strong></span> <span class='ocrx_word' id='word_1_323' title='bbox 512 3261 603 3330; x_wconf 82' lang='lat' dir='ltr'><strong>habet</strong></span> <span class='ocrx_word' id='word_1_324' title='bbox 616 3262 646 3319; x_wconf 91' lang='lat' dir='ltr'><strong>in</strong></span> <span class='ocrx_word' id='word_1_325' title='bbox 662 3262 790 3341; x_wconf 87' lang='lat' dir='ltr'><strong>Adelph.</strong></span> <span class='ocrx_word' id='word_1_326' title='bbox 806 3262 847 3323; x_wconf 92' lang='lat'><strong>11.</strong></span> <span class='ocrx_word' id='word_1_327' title='bbox 863 3268 893 3335; x_wconf 92' lang='lat'><strong>1,</strong></span> <span class='ocrx_word' id='word_1_328' title='bbox 909 3267 957 3324; x_wconf 91' lang='grc'><strong>11.</strong></span> <span class='ocrx_word' id='word_1_329' title='bbox 971 3260 1095 3321; x_wconf 86' lang='lat' dir='ltr'><strong>divisum</strong></span> <span class='ocrx_word' id='word_1_330' title='bbox 1108 3252 1271 3333; x_wconf 65' lang='lat' dir='ltr'><strong>inter’dutl„</strong></span> 
     </span>
     <span class='ocr_line' id='line_1_36' title="bbox 139 3338 1255 3424; baseline 0.005 -25"><span class='ocrx_word' id='word_1_331' title='bbox 139 3359 239 3401; x_wconf 83' lang='lat' dir='ltr'><strong>versus</strong></span> <span class='ocrx_word' id='word_1_332' title='bbox 254 3342 426 3401; x_wconf 86' lang='lat' dir='ltr'><strong>vocabulum</strong></span> <span class='ocrx_word' id='word_1_333' title='bbox 441 3342 599 3424; x_wconf 83' lang='lat' dir='ltr'><strong>indignum,</strong></span> <span class='ocrx_word' id='word_1_334' title='bbox 621 3343 675 3402; x_wconf 88' lang='lat' dir='ltr'><strong>etsi</strong></span> <span class='ocrx_word' id='word_1_335' title='bbox 694 3364 805 3416; x_wconf 87' lang='lat' dir='ltr'><strong>versus,</strong></span> <span class='ocrx_word' id='word_1_336' title='bbox 827 3354 860 3403; x_wconf 94' lang='lat' dir='ltr'><strong>ut</strong></span> <span class='ocrx_word' id='word_1_337' title='bbox 872 3342 1006 3416; x_wconf 88' lang='lat' dir='ltr'><strong>-videtur,</strong></span> <span class='ocrx_word' id='word_1_338' title='bbox 1027 3362 1087 3401; x_wconf 92' lang='lat' dir='ltr'><strong>non</strong></span> <span class='ocrx_word' id='word_1_339' title='bbox 1111 3353 1192 3403; x_wconf 87' lang='lat' dir='ltr'><strong>recte</strong></span> <span class='ocrx_word' id='word_1_340' title='bbox 1211 3338 1255 3405; x_wconf 66' lang='lat' dir='ltr'><strong>dih</strong></span> 
     </span>
     <span class='ocr_line' id='line_1_37' title="bbox 140 3416 1258 3505; baseline -0.003 -23"><span class='ocrx_word' id='word_1_341' title='bbox 140 3422 226 3483; x_wconf 90' lang='lat' dir='ltr'><strong>tincti</strong></span> <span class='ocrx_word' id='word_1_342' title='bbox 241 3434 319 3483; x_wconf 88' lang='lat' dir='ltr'><strong>sunt.</strong></span> <span class='ocrx_word' id='word_1_343' title='bbox 349 3424 398 3482; x_wconf 91' lang='lat' dir='ltr'><strong>De</strong></span> <span class='ocrx_word' id='word_1_344' title='bbox 412 3443 471 3502; x_wconf 90' lang='lat' dir='ltr'><strong>qua</strong></span> <span class='ocrx_word' id='word_1_345' title='bbox 484 3443 516 3482; x_wconf 86' lang='lat' dir='ltr'><strong>re</strong></span> <span class='ocrx_word' id='word_1_346' title='bbox 529 3425 697 3502; x_wconf 89' lang='lat' dir='ltr'><strong>priusquam</strong></span> <span class='ocrx_word' id='word_1_347' title='bbox 711 3444 806 3484; x_wconf 88' lang='lat' dir='ltr'><strong>meam</strong></span> <span class='ocrx_word' id='word_1_348' title='bbox 816 3425 962 3505; x_wconf 86' lang='lat' dir='ltr'><strong>proferam</strong></span> <span class='ocrx_word' id='word_1_349' title='bbox 972 3424 1159 3497; x_wconf 87' lang='lat' dir='ltr'><strong>sententiam,</strong></span> <span class='ocrx_word' id='word_1_350' title='bbox 1171 3416 1258 3503; x_wconf 78' lang='lat' dir='ltr'><strong>prurcit¹</strong></span> 
     </span>
     <span class='ocr_line' id='line_1_38' title="bbox 142 3497 1257 3588; baseline -0.004 -23"><span class='ocrx_word' id='word_1_351' title='bbox 142 3504 306 3584; x_wconf 82' lang='lat' dir='ltr'><strong>attingendi</strong></span> <span class='ocrx_word' id='word_1_352' title='bbox 318 3515 388 3564; x_wconf 82' lang='lat' dir='ltr'><strong>aaut</strong></span> <span class='ocrx_word' id='word_1_353' title='bbox 402 3505 564 3588; x_wconf 81' lang='lat' dir='ltr'><strong>tetrametri</strong></span> <span class='ocrx_word' id='word_1_354' title='bbox 578 3506 766 3584; x_wconf 83' lang='lat' dir='ltr'><strong>hypermetri,</strong></span> <span class='ocrx_word' id='word_1_355' title='bbox 788 3507 890 3585; x_wconf 87' lang='lat' dir='ltr'><strong>quales</strong></span> <span class='ocrx_word' id='word_1_356' title='bbox 902 3505 1055 3567; x_wconf 81' lang='lat' dir='ltr'><strong>Bentleiua</strong></span> <span class='ocrx_word' id='word_1_357' title='bbox 1068 3504 1108 3565; x_wconf 84' lang='lat' dir='ltr'><strong>ad</strong></span> <span class='ocrx_word' id='word_1_358' title='bbox 1122 3502 1197 3567; x_wconf 79' lang='lat' dir='ltr'><strong>Eun.</strong></span> <span class='ocrx_word' id='word_1_359' title='bbox 1214 3497 1257 3560; x_wconf 86' lang='lat' dir='ltr'><strong>IV.</strong></span> 
     </span>
     <span class='ocr_line' id='line_1_39' title="bbox 143 3578 1256 3661; baseline -0.005 -16"><span class='ocrx_word' id='word_1_360' title='bbox 143 3591 172 3659; x_wconf 96' lang='lat' dir='ltr'><strong>l,</strong></span> <span class='ocrx_word' id='word_1_361' title='bbox 186 3592 234 3649; x_wconf 92' lang='grc'><strong>11.</strong></span> <span class='ocrx_word' id='word_1_362' title='bbox 244 3587 274 3644; x_wconf 90' lang='lat' dir='ltr'><strong>in</strong></span> <span class='ocrx_word' id='word_1_363' title='bbox 284 3586 451 3659; x_wconf 86' lang='lat' dir='ltr'><strong>trochaicis,</strong></span> <span class='ocrx_word' id='word_1_364' title='bbox 462 3585 499 3645; x_wconf 90' lang='lat' dir='ltr'><strong>ad</strong></span> <span class='ocrx_word' id='word_1_365' title='bbox 511 3588 622 3646; x_wconf 90' lang='lat' dir='ltr'><strong>Heaut.</strong></span> <span class='ocrx_word' id='word_1_366' title='bbox 633 3588 692 3656; x_wconf 85' lang='lat'><strong>111.</strong></span> <span class='ocrx_word' id='word_1_367' title='bbox 703 3593 732 3660; x_wconf 77' lang='lat'><strong>3,</strong></span> <span class='ocrx_word' id='word_1_368' title='bbox 748 3593 795 3647; x_wconf 83' lang='grc'><strong>13.</strong></span> <span class='ocrx_word' id='word_1_369' title='bbox 806 3600 914 3661; x_wconf 88' lang='lat' dir='ltr'><strong>autem,</strong></span> <span class='ocrx_word' id='word_1_370' title='bbox 929 3601 961 3647; x_wconf 90' lang='lat' dir='ltr'><strong>et</strong></span> <span class='ocrx_word' id='word_1_371' title='bbox 970 3582 1060 3648; x_wconf 88' lang='lat' dir='ltr'><strong>tacite</strong></span> <span class='ocrx_word' id='word_1_372' title='bbox 1069 3587 1107 3645; x_wconf 90' lang='lat' dir='ltr'><strong>ad</strong></span> <span class='ocrx_word' id='word_1_373' title='bbox 1117 3578 1256 3646; x_wconf 76' lang='lat' dir='ltr'><strong>Phornab</strong></span> 
     </span>
     <span class='ocr_line' id='line_1_40' title="bbox 143 3668 1258 3750; baseline -0.002 -23"><span class='ocrx_word' id='word_1_374' title='bbox 143 3673 173 3738; x_wconf 78' lang='lat'><strong>4,</strong></span> <span class='ocrx_word' id='word_1_375' title='bbox 192 3674 239 3731; x_wconf 94' lang='lat'><strong>10.</strong></span> <span class='ocrx_word' id='word_1_376' title='bbox 252 3670 282 3726; x_wconf 90' lang='lat' dir='ltr'><strong>in</strong></span> <span class='ocrx_word' id='word_1_377' title='bbox 296 3669 426 3729; x_wconf 90' lang='lat' dir='ltr'><strong>iambicis</strong></span> <span class='ocrx_word' id='word_1_378' title='bbox 440 3668 568 3728; x_wconf 82' lang='lat' dir='ltr'><strong>numeris</strong></span> <span class='ocrx_word' id='word_1_379' title='bbox 581 3668 703 3730; x_wconf 88' lang='lat' dir='ltr'><strong>inveniri</strong></span> <span class='ocrx_word' id='word_1_380' title='bbox 718 3681 817 3750; x_wconf 85' lang='lat' dir='ltr'><strong>negat.</strong></span> <span class='ocrx_word' id='word_1_381' title='bbox 858 3672 907 3730; x_wconf 84' lang='lat' dir='ltr'><strong>Ac</strong></span> <span class='ocrx_word' id='word_1_382' title='bbox 928 3670 965 3729; x_wconf 92' lang='lat' dir='ltr'><strong>de</strong></span> <span class='ocrx_word' id='word_1_383' title='bbox 988 3668 1146 3729; x_wconf 82' lang='lat' dir='ltr'><strong>trochaicis</strong></span> <span class='ocrx_word' id='word_1_384' title='bbox 1170 3680 1258 3749; x_wconf 61' lang='lat' dir='ltr'><strong>conctj</strong></span> 
     </span>
     <span class='ocr_line' id='line_1_41' title="bbox 144 3747 1260 3831; baseline -0.004 -22"><span class='ocrx_word' id='word_1_385' title='bbox 144 3749 248 3820; x_wconf 85' lang='lat' dir='ltr'><strong>dimus,</strong></span> <span class='ocrx_word' id='word_1_386' title='bbox 270 3769 330 3809; x_wconf 91' lang='lat' dir='ltr'><strong>uon</strong></span> <span class='ocrx_word' id='word_1_387' title='bbox 344 3751 431 3810; x_wconf 84' lang='lat' dir='ltr'><strong>etiam</strong></span> <span class='ocrx_word' id='word_1_388' title='bbox 446 3752 484 3811; x_wconf 92' lang='lat' dir='ltr'><strong>de</strong></span> <span class='ocrx_word' id='word_1_389' title='bbox 503 3751 644 3811; x_wconf 85' lang='lat' dir='ltr'><strong>iambicis.¹</strong></span> <span class='ocrx_word' id='word_1_390' title='bbox 685 3752 762 3811; x_wconf 89' lang='lat' dir='ltr'><strong>Nam</strong></span> <span class='ocrx_word' id='word_1_391' title='bbox 786 3770 876 3831; x_wconf 87' lang='lat' dir='ltr'><strong>quum</strong></span> <span class='ocrx_word' id='word_1_392' title='bbox 901 3751 1051 3831; x_wconf 88' lang='lat' dir='ltr'><strong>utriusque</strong></span> <span class='ocrx_word' id='word_1_393' title='bbox 1075 3749 1189 3810; x_wconf 87' lang='lat' dir='ltr'><strong>numeri</strong></span> <span class='ocrx_word' id='word_1_394' title='bbox 1207 3747 1260 3805; x_wconf 68' lang='lat' dir='ltr'><strong>lm</strong></span> 
     </span>
     <span class='ocr_line' id='line_1_42' title="bbox 144 3826 1261 3920; baseline -0.002 -31"><span class='ocrx_word' id='word_1_395' title='bbox 144 3843 287 3911; x_wconf 86' lang='lat' dir='ltr'><strong>perpetua</strong></span> <span class='ocrx_word' id='word_1_396' title='bbox 299 3831 337 3890; x_wconf 91' lang='lat' dir='ltr'><strong>sit</strong></span> <span class='ocrx_word' id='word_1_397' title='bbox 351 3843 381 3893; x_wconf 86' lang='lat' dir='ltr'><strong>ct</strong></span> <span class='ocrx_word' id='word_1_398' title='bbox 396 3844 530 3892; x_wconf 86' lang='lat' dir='ltr'><strong>constans</strong></span> <span class='ocrx_word' id='word_1_399' title='bbox 543 3834 603 3902; x_wconf 85' lang='lat' dir='ltr'><strong>lex,</strong></span> <span class='ocrx_word' id='word_1_400' title='bbox 625 3845 658 3892; x_wconf 91' lang='lat' dir='ltr'><strong>ut</strong></span> <span class='ocrx_word' id='word_1_401' title='bbox 668 3853 721 3913; x_wconf 90' lang='lat' dir='ltr'><strong>per</strong></span> <span class='ocrx_word' id='word_1_402' title='bbox 735 3833 866 3920; x_wconf 77' lang='lat' dir='ltr'><strong>dipodius</strong></span> <span class='ocrx_word' id='word_1_403' title='bbox 880 3831 1043 3893; x_wconf 73' lang='lat' dir='ltr'><strong>trochaicae</strong></span> <span class='ocrx_word' id='word_1_404' title='bbox 1056 3830 1191 3902; x_wconf 64' lang='lat' dir='ltr'><strong>incedut</strong></span> <span class='ocrx_word' id='word_1_405' title='bbox 1207 3826 1261 3887; x_wconf 79' lang='lat' dir='ltr'><strong>ria·</strong></span> 
     </span>
     <span class='ocr_line' id='line_1_43' title="bbox 143 3909 1262 4052; baseline 0.002 -82"><span class='ocrx_word' id='word_1_406' title='bbox 143 3909 252 4051; x_wconf 48' lang='lat' dir='ltr'><strong>libabam</strong></span> <span class='ocrx_word' id='word_1_407' title='bbox 259 3932 322 4052; x_wconf 55' lang='lat' dir='ltr'><strong>nep,</strong></span> <span class='ocrx_word' id='word_1_408' title='bbox 331 3913 506 4005; x_wconf 73' lang='lat' dir='ltr'><strong>simrdatque</strong></span> <span class='ocrx_word' id='word_1_409' title='bbox 518 3915 548 3972; x_wconf 92' lang='lat' dir='ltr'><strong>iu</strong></span> <span class='ocrx_word' id='word_1_410' title='bbox 561 3914 719 3976; x_wconf 84' lang='lat' dir='ltr'><strong>trochaicis</strong></span> <span class='ocrx_word' id='word_1_411' title='bbox 731 3916 861 3975; x_wconf 80' lang='lat' dir='ltr'><strong>versibus</strong></span> <span class='ocrx_word' id='word_1_412' title='bbox 873 3915 1013 3995; x_wconf 85' lang='lat' dir='ltr'><strong>syllabam</strong></span> <span class='ocrx_word' id='word_1_413' title='bbox 1026 3913 1174 3984; x_wconf 74' lang='lat' dir='ltr'><strong>addideris</strong></span> <span class='ocrx_word' id='word_1_414' title='bbox 1194 3911 1262 3991; x_wconf 77' lang='lat' dir='ltr'><strong>dipo-</strong></span> 
     </span>
     <span class='ocr_line' id='line_1_44' title="bbox 211 4004 377 4067; baseline 0.012 -16"><span class='ocrx_word' id='word_1_415' title='bbox 211 4004 257 4052; x_wconf 88' lang='lat' dir='ltr'><strong>tro</strong></span> <span class='ocrx_word' id='word_1_416' title='bbox 297 4012 377 4067; x_wconf 77' lang='lat' dir='ltr'><strong>arca,</strong></span> 
     </span>
    </p>
   </div>
   <div class='ocr_carea' id='block_1_6' title="bbox 147 4123 1084 4344">
    <p class='ocr_par' dir='ltr' id='par_1_10' title="bbox 147 4123 1084 4344">
     <span class='ocr_line' id='line_1_45' title="bbox 226 4123 402 4210; baseline 0.045 -26"><span class='ocrx_word' id='word_1_417' title='bbox 226 4123 268 4184; x_wconf 82' lang='lat'><strong>.‘.</strong></span> <span class='ocrx_word' id='word_1_418' title='bbox 278 4158 301 4187; x_wconf 76' lang='grc' dir='ltr'><strong>υ</strong></span> <span class='ocrx_word' id='word_1_419' title='bbox 330 4154 332 4159; x_wconf 95' lang='grc'><strong><em>·</em></strong></span> <span class='ocrx_word' id='word_1_420' title='bbox 361 4161 384 4191; x_wconf 72' lang='grc' dir='ltr'><strong><em>υ</em></strong></span> <span class='ocrx_word' id='word_1_421' title='bbox 396 4128 402 4210; x_wconf 82' lang='grc' dir='ltr'>Ι</span> 
     </span>
     <span class='ocr_line' id='line_1_46' title="bbox 147 4255 1084 4344; baseline 0.015 -31"><span class='ocrx_word' id='word_1_422' title='bbox 147 4275 206 4315; x_wconf 90' lang='lat' dir='ltr'><strong>non</strong></span> <span class='ocrx_word' id='word_1_423' title='bbox 220 4255 374 4325; x_wconf 78' lang='lat' dir='ltr'><strong>violabitur</strong></span> <span class='ocrx_word' id='word_1_424' title='bbox 387 4272 499 4335; x_wconf 89' lang='lat' dir='ltr'><strong>autem,</strong></span> <span class='ocrx_word' id='word_1_425' title='bbox 518 4261 543 4323; x_wconf 87' lang='lat' dir='ltr'><strong>si</strong></span> <span class='ocrx_word' id='word_1_426' title='bbox 555 4260 586 4323; x_wconf 89' lang='lat' dir='ltr'><strong>in</strong></span> <span class='ocrx_word' id='word_1_427' title='bbox 599 4260 730 4323; x_wconf 86' lang='lat' dir='ltr'><strong>iambicis</strong></span> <span class='ocrx_word' id='word_1_428' title='bbox 743 4261 874 4324; x_wconf 76' lang='lat' dir='ltr'><strong>iambica</strong></span> <span class='ocrx_word' id='word_1_429' title='bbox 888 4262 1026 4344; x_wconf 86' lang='lat' dir='ltr'><strong>dipodiae,</strong></span> <span class='ocrx_word' id='word_1_430' title='bbox 1081 4316 1084 4321; x_wconf 28' lang='lat'><strong>⁴</strong></span> 
     </span>
    </p>
   </div>
   <div class='ocr_carea' id='block_1_7' title="bbox 229 4387 441 4477">
    <p class='ocr_par' dir='ltr' id='par_1_11' title="bbox 229 4387 441 4477">
     <span class='ocr_line' id='line_1_47' title="bbox 229 4387 441 4477; baseline -0.009 -14"><span class='ocrx_word' id='word_1_431' title='bbox 229 4387 441 4477; x_wconf 49' lang='lat' dir='ltr'><strong>vssuffle</strong></span> 
     </span>
    </p>
   </div>
   <div class='ocr_carea' id='block_1_8' title="bbox 0 0 1378 4866">
    <p class='ocr_par' dir='ltr' id='par_1_12' title="bbox 0 0 1378 4866">
     <span class='ocr_line' id='line_1_48' title="bbox 0 0 1378 4866; baseline 0 0"><span class='ocrx_word' id='word_1_432' title='bbox 0 0 1378 4866; x_wconf 95' lang='lat' dir='ltr'><strong> </strong></span> 
     </span>
    </p>
   </div>
  </div>
 </body>
</html>
