<?xml version="1.0" encoding="UTF-8"?>
<!DOCTYPE html PUBLIC "-//W3C//DTD XHTML 1.0 Transitional//EN"
    "http://www.w3.org/TR/xhtml1/DTD/xhtml1-transitional.dtd">
<html xmlns="http://www.w3.org/1999/xhtml" xml:lang="en" lang="en">
 <head>
  <title>
</title>
<meta http-equiv="Content-Type" content="text/html;charset=utf-8" />
  <meta name='ocr-system' content='tesseract 3.04.00' />
  <meta name='ocr-capabilities' content='ocr_page ocr_carea ocr_par ocr_line ocrx_word'/>
</head>
<body>
  <div class='ocr_page' id='page_1' title='image "./elementadoctrin00hermgoog_0276.png"; bbox 0 0 2694 4866; ppageno 0'>
   <div class='ocr_carea' id='block_1_1' title="bbox 206 251 1209 345">
    <p class='ocr_par' dir='ltr' id='par_1_1' title="bbox 206 251 1209 345">
     <span class='ocr_line' id='line_1_1' title="bbox 206 251 1209 345; baseline 0.006 -31"><span class='ocrx_word' id='word_1_1' title='bbox 206 339 211 345; x_wconf 26' lang='grc' dir='ltr'>Ι</span> <span class='ocrx_word' id='word_1_2' title='bbox 334 252 393 315; x_wconf 83' lang='lat' dir='ltr'><strong>DE</strong></span> <span class='ocrx_word' id='word_1_3' title='bbox 416 251 708 322; x_wconf 76' lang='lat' dir='ltr'><strong>ANAPAEsTmIs</strong></span> <span class='ocrx_word' id='word_1_4' title='bbox 729 253 957 320; x_wconf 72' lang='lat' dir='ltr'><strong>DIMsTals:</strong></span> <span class='ocrx_word' id='word_1_5' title='bbox 1151 263 1209 320; x_wconf 75' lang='lat'><strong>241</strong></span> 
     </span>
    </p>
   </div>
   <div class='ocr_carea' id='block_1_2' title="bbox 89 410 1210 667">
    <p class='ocr_par' dir='ltr' id='par_1_2' title="bbox 89 410 1210 667">
     <span class='ocr_line' id='line_1_2' title="bbox 89 410 1207 508; baseline -0.002 -26"><span class='ocrx_word' id='word_1_6' title='bbox 89 410 177 508; x_wconf 58' lang='lat' dir='ltr'><strong>ltere</strong></span> <span class='ocrx_word' id='word_1_7' title='bbox 195 421 279 482; x_wconf 86' lang='lat' dir='ltr'><strong>&#39;notio</strong></span> <span class='ocrx_word' id='word_1_8' title='bbox 302 423 333 482; x_wconf 92' lang='lat' dir='ltr'><strong>in</strong></span> <span class='ocrx_word' id='word_1_9' title='bbox 353 442 429 484; x_wconf 85' lang='lat' dir='ltr'><strong>novo</strong></span> <span class='ocrx_word' id='word_1_10' title='bbox 443 434 600 504; x_wconf 77' lang='lat' dir='ltr'><strong>systemate</strong></span> <span class='ocrx_word' id='word_1_11' title='bbox 612 424 778 487; x_wconf 81' lang='lat' dir='ltr'><strong>inferretur.</strong></span> <span class='ocrx_word' id='word_1_12' title='bbox 822 424 959 487; x_wconf 86' lang='lat' dir='ltr'><strong>Similiter</strong></span> <span class='ocrx_word' id='word_1_13' title='bbox 972 423 1083 484; x_wconf 87' lang='lat' dir='ltr'><strong>factum</strong></span> <span class='ocrx_word' id='word_1_14' title='bbox 1097 437 1141 488; x_wconf 83' lang='lat' dir='ltr'><strong>est</strong></span> <span class='ocrx_word' id='word_1_15' title='bbox 1153 445 1207 485; x_wconf 84' lang='lat' dir='ltr'><strong>sae.</strong></span> 
     </span>
     <span class='ocr_line' id='line_1_3' title="bbox 89 503 1210 586; baseline 0.006 -26"><span class='ocrx_word' id='word_1_16' title='bbox 89 511 152 568; x_wconf 65' lang='lat' dir='ltr'><strong>‚ltus</strong></span> <span class='ocrx_word' id='word_1_17' title='bbox 174 524 210 565; x_wconf 89' lang='lat' dir='ltr'><strong>eo</strong></span> <span class='ocrx_word' id='word_1_18' title='bbox 230 503 259 561; x_wconf 93' lang='lat' dir='ltr'><strong>in</strong></span> <span class='ocrx_word' id='word_1_19' title='bbox 280 505 419 577; x_wconf 85' lang='lat' dir='ltr'><strong>carmine,</strong></span> <span class='ocrx_word' id='word_1_20' title='bbox 440 506 495 566; x_wconf 87' lang='lat' dir='ltr'><strong>etsi</strong></span> <span class='ocrx_word' id='word_1_21' title='bbox 515 525 583 565; x_wconf 91' lang='lat' dir='ltr'><strong>cum</strong></span> <span class='ocrx_word' id='word_1_22' title='bbox 603 506 699 585; x_wconf 91' lang='lat' dir='ltr'><strong>aliquo</strong></span> <span class='ocrx_word' id='word_1_23' title='bbox 714 508 772 565; x_wconf 87' lang='lat' dir='ltr'><strong>fine</strong></span> <span class='ocrx_word' id='word_1_24' title='bbox 786 506 1020 576; x_wconf 70' lang='lat' dir='ltr'><strong>constructionis.</strong></span> <span class='ocrx_word' id='word_1_25' title='bbox 1062 506 1210 586; x_wconf 77' lang='lat' dir='ltr'><strong>Inprimis</strong></span> 
     </span>
     <span class='ocr_line' id='line_1_4' title="bbox 89 585 1043 667; baseline 0.005 -27"><span class='ocrx_word' id='word_1_26' title='bbox 89 588 168 654; x_wconf 61' lang='lat' dir='ltr'><strong>*ptus</strong></span> <span class='ocrx_word' id='word_1_27' title='bbox 177 595 222 646; x_wconf 86' lang='lat' dir='ltr'><strong>est</strong></span> <span class='ocrx_word' id='word_1_28' title='bbox 234 585 303 646; x_wconf 85' lang='lat' dir='ltr'><strong>huie</strong></span> <span class='ocrx_word' id='word_1_29' title='bbox 317 587 359 645; x_wconf 88' lang='lat' dir='ltr'><strong>rei</strong></span> <span class='ocrx_word' id='word_1_30' title='bbox 374 587 555 646; x_wconf 79' lang='lat' dir='ltr'><strong>declarandae</strong></span> <span class='ocrx_word' id='word_1_31' title='bbox 568 588 650 647; x_wconf 91' lang='lat' dir='ltr'><strong>locus</strong></span> <span class='ocrx_word' id='word_1_32' title='bbox 664 589 694 645; x_wconf 92' lang='lat' dir='ltr'><strong>in</strong></span> <span class='ocrx_word' id='word_1_33' title='bbox 710 590 931 667; x_wconf 81' lang='lat' dir='ltr'><strong>Agamemnone</strong></span> <span class='ocrx_word' id='word_1_34' title='bbox 944 607 973 647; x_wconf 83' lang='lat' dir='ltr'><strong>v.</strong></span> <span class='ocrx_word' id='word_1_35' title='bbox 993 592 1043 647; x_wconf 87' lang='grc'><strong>63.</strong></span> 
     </span>
    </p>
   </div>
   <div class='ocr_carea' id='block_1_3' title="bbox 89 704 1208 1382">
    <p class='ocr_par' dir='ltr' id='par_1_3' title="bbox 162 704 747 786">
     <span class='ocr_line' id='line_1_5' title="bbox 162 704 747 786; baseline 0.002 -25"><span class='ocrx_word' id='word_1_36' title='bbox 162 705 252 761; x_wconf 60' lang='lat' dir='ltr'><strong>maai</strong></span> <span class='ocrx_word' id='word_1_37' title='bbox 266 704 444 772; x_wconf 63' lang='grc' dir='ltr'><strong>παλαίσματα</strong></span> <span class='ocrx_word' id='word_1_38' title='bbox 453 707 498 763; x_wconf 73' lang='lat' dir='ltr'><strong>uoti</strong></span> <span class='ocrx_word' id='word_1_39' title='bbox 512 709 638 786; x_wconf 69' lang='grc' dir='ltr'><strong>γυιοβκςῖί</strong></span> <span class='ocrx_word' id='word_1_40' title='bbox 743 733 747 740; x_wconf 93' lang='grc'><em>·</em></span> 
     </span>
    </p>

    <p class='ocr_par' dir='ltr' id='par_1_4' title="bbox 102 782 567 946">
     <span class='ocr_line' id='line_1_6' title="bbox 160 782 556 865; baseline 0.003 -24"><span class='ocrx_word' id='word_1_41' title='bbox 160 783 264 854; x_wconf 60' lang='lat' dir='ltr'><strong>vitatos</strong></span> <span class='ocrx_word' id='word_1_42' title='bbox 278 785 391 843; x_wconf 66' lang='grc' dir='ltr'><strong>κονίαισιν</strong></span> <span class='ocrx_word' id='word_1_43' title='bbox 406 782 556 865; x_wconf 45' lang='lat' dir='ltr'><strong>asclepium</strong></span> 
     </span>
     <span class='ocr_line' id='line_1_7' title="bbox 102 860 567 946; baseline 0.002 -25"><span class='ocrx_word' id='word_1_44' title='bbox 102 860 105 865; x_wconf 14' lang='grc' dir='ltr'><strong><em>Δ</em></strong></span> <span class='ocrx_word' id='word_1_45' title='bbox 160 861 339 940; x_wconf 64' lang='grc' dir='ltr'><strong>διακναιομένης</strong></span> <span class='ocrx_word' id='word_1_46' title='bbox 353 865 377 922; x_wconf 81' lang='lat' dir='ltr'><strong>r’</strong></span> <span class='ocrx_word' id='word_1_47' title='bbox 390 865 410 923; x_wconf 77' lang='grc' dir='ltr'><strong>ἓν</strong></span> <span class='ocrx_word' id='word_1_48' title='bbox 420 867 567 946; x_wconf 68' lang='grc' dir='ltr'><strong>πςοτιλιίοις</strong></span> 
     </span>
    </p>

    <p class='ocr_par' dir='ltr' id='par_1_5' title="bbox 199 944 565 1022">
     <span class='ocr_line' id='line_1_8' title="bbox 199 944 565 1022; baseline 0 -18"><span class='ocrx_word' id='word_1_49' title='bbox 199 944 317 1022; x_wconf 62' lang='grc' dir='ltr'><strong>κάμακος</strong></span> <span class='ocrx_word' id='word_1_50' title='bbox 330 947 409 1009; x_wconf 64' lang='grc' dir='ltr'><strong>θέσαν</strong></span> <span class='ocrx_word' id='word_1_51' title='bbox 424 953 565 1012; x_wconf 59' lang='grc' dir='ltr'><strong>Δαναοῖο-ιν,</strong></span> 
     </span>
    </p>

    <p class='ocr_par' dir='ltr' id='par_1_6' title="bbox 89 1027 1208 1382">
     <span class='ocr_line' id='line_1_9' title="bbox 163 1027 398 1107; baseline -0.009 -24"><span class='ocrx_word' id='word_1_52' title='bbox 163 1028 249 1107; x_wconf 67' lang='lat' dir='ltr'><strong>&#39;lgm&#39;</strong></span> <span class='ocrx_word' id='word_1_53' title='bbox 260 1027 287 1083; x_wconf 61' lang='grc' dir='ltr'><strong>θ’</strong></span> <span class='ocrx_word' id='word_1_54' title='bbox 300 1028 398 1103; x_wconf 69' lang='grc' dir='ltr'><strong>ὅμοίως.</strong></span> 
     </span>
     <span class='ocr_line' id='line_1_10' title="bbox 89 1129 1206 1221; baseline 0.004 -26"><span class='ocrx_word' id='word_1_55' title='bbox 89 1129 173 1196; x_wconf 81' lang='lat' dir='ltr'><strong>Plena</strong></span> <span class='ocrx_word' id='word_1_56' title='bbox 186 1149 230 1197; x_wconf 87' lang='lat' dir='ltr'><strong>est</strong></span> <span class='ocrx_word' id='word_1_57' title='bbox 244 1139 320 1198; x_wconf 86' lang='lat' dir='ltr'><strong>enim</strong></span> <span class='ocrx_word' id='word_1_58' title='bbox 335 1152 365 1199; x_wconf 89' lang='lat' dir='ltr'><strong>et</strong></span> <span class='ocrx_word' id='word_1_59' title='bbox 380 1140 511 1200; x_wconf 87' lang='lat' dir='ltr'><strong>absoluta</strong></span> <span class='ocrx_word' id='word_1_60' title='bbox 525 1139 669 1200; x_wconf 83' lang='lat' dir='ltr'><strong>sententia</strong></span> <span class='ocrx_word' id='word_1_61' title='bbox 688 1159 774 1201; x_wconf 86' lang='lat' dir='ltr'><strong>versu</strong></span> <span class='ocrx_word' id='word_1_62' title='bbox 793 1140 978 1221; x_wconf 86' lang='lat' dir='ltr'><strong>paroemiaco,</strong></span> <span class='ocrx_word' id='word_1_63' title='bbox 1000 1139 1053 1200; x_wconf 87' lang='lat' dir='ltr'><strong>sed</strong></span> <span class='ocrx_word' id='word_1_64' title='bbox 1076 1139 1206 1219; x_wconf 87' lang='lat' dir='ltr'><strong>egregie,</strong></span> 
     </span>
     <span class='ocr_line' id='line_1_11' title="bbox 89 1218 1208 1301; baseline 0.002 -24"><span class='ocrx_word' id='word_1_65' title='bbox 89 1218 162 1296; x_wconf 83' lang='lat' dir='ltr'><strong>quasi</strong></span> <span class='ocrx_word' id='word_1_66' title='bbox 176 1238 255 1279; x_wconf 91' lang='lat' dir='ltr'><strong>nunc</strong></span> <span class='ocrx_word' id='word_1_67' title='bbox 269 1220 385 1279; x_wconf 91' lang='lat' dir='ltr'><strong>demum</strong></span> <span class='ocrx_word' id='word_1_68' title='bbox 402 1222 522 1301; x_wconf 89' lang='lat' dir='ltr'><strong>Trojani</strong></span> <span class='ocrx_word' id='word_1_69' title='bbox 535 1223 563 1280; x_wconf 92' lang='lat' dir='ltr'><strong>in</strong></span> <span class='ocrx_word' id='word_1_70' title='bbox 579 1236 705 1282; x_wconf 88' lang='lat' dir='ltr'><strong>mentem</strong></span> <span class='ocrx_word' id='word_1_71' title='bbox 727 1222 853 1293; x_wconf 87' lang='lat' dir='ltr'><strong>veniant,</strong></span> <span class='ocrx_word' id='word_1_72' title='bbox 874 1221 904 1279; x_wconf 95' lang='lat' dir='ltr'><strong>hi</strong></span> <span class='ocrx_word' id='word_1_73' title='bbox 925 1222 955 1280; x_wconf 91' lang='lat' dir='ltr'><strong>in</strong></span> <span class='ocrx_word' id='word_1_74' title='bbox 975 1221 1116 1301; x_wconf 90' lang='lat' dir='ltr'><strong>principio</strong></span> <span class='ocrx_word' id='word_1_75' title='bbox 1138 1220 1208 1293; x_wconf 75' lang='lat' dir='ltr'><strong>nori</strong></span> 
     </span>
     <span class='ocr_line' id='line_1_12' title="bbox 89 1300 1207 1382; baseline 0.003 -23"><span class='ocrx_word' id='word_1_76' title='bbox 89 1300 244 1378; x_wconf 55' lang='lat' dir='ltr'><strong>trstematis</strong></span> <span class='ocrx_word' id='word_1_77' title='bbox 259 1313 531 1362; x_wconf 86' lang='lat' dir='ltr'><strong>commemorantur.</strong></span> <span class='ocrx_word' id='word_1_78' title='bbox 574 1303 627 1362; x_wconf 86' lang='lat' dir='ltr'><strong>Est</strong></span> <span class='ocrx_word' id='word_1_79' title='bbox 641 1303 718 1363; x_wconf 89' lang='lat' dir='ltr'><strong>enim</strong></span> <span class='ocrx_word' id='word_1_80' title='bbox 732 1304 879 1382; x_wconf 79' lang='lat' dir='ltr'><strong>praecipua</strong></span> <span class='ocrx_word' id='word_1_81' title='bbox 893 1303 1022 1381; x_wconf 76' lang='lat' dir='ltr'><strong>quaedam</strong></span> <span class='ocrx_word' id='word_1_82' title='bbox 1038 1304 1080 1361; x_wconf 88' lang='lat' dir='ltr'><strong>vis</strong></span> <span class='ocrx_word' id='word_1_83' title='bbox 1103 1303 1133 1360; x_wconf 93' lang='lat' dir='ltr'><strong>in</strong></span> <span class='ocrx_word' id='word_1_84' title='bbox 1153 1303 1207 1362; x_wconf 90' lang='lat' dir='ltr'><strong>ho·</strong></span> 
     </span>
    </p>
   </div>
   <div class='ocr_carea' id='block_1_4' title="bbox 89 1383 1208 1543">
    <p class='ocr_par' dir='ltr' id='par_1_7' title="bbox 89 1383 1208 1543">
     <span class='ocr_line' id='line_1_13' title="bbox 89 1383 1208 1463; baseline 0.003 -25"><span class='ocrx_word' id='word_1_85' title='bbox 89 1398 144 1438; x_wconf 90' lang='lat' dir='ltr'><strong>rum</strong></span> <span class='ocrx_word' id='word_1_86' title='bbox 169 1383 454 1446; x_wconf 84' lang='lat' dir='ltr'><strong>commemoratione.</strong></span> <span class='ocrx_word' id='word_1_87' title='bbox 496 1383 637 1443; x_wconf 89' lang='lat' dir='ltr'><strong>Perderet</strong></span> <span class='ocrx_word' id='word_1_88' title='bbox 662 1404 777 1444; x_wconf 89' lang='lat' dir='ltr'><strong>omnem</strong></span> <span class='ocrx_word' id='word_1_89' title='bbox 799 1384 886 1463; x_wconf 87' lang='lat' dir='ltr'><strong>hujus</strong></span> <span class='ocrx_word' id='word_1_90' title='bbox 909 1384 967 1443; x_wconf 93' lang='lat' dir='ltr'><strong>loci</strong></span> <span class='ocrx_word' id='word_1_91' title='bbox 990 1385 1136 1457; x_wconf 87' lang='lat' dir='ltr'><strong>virtutem,</strong></span> <span class='ocrx_word' id='word_1_92' title='bbox 1157 1383 1208 1463; x_wconf 92' lang='lat' dir='ltr'><strong>qui</strong></span> 
     </span>
     <span class='ocr_line' id='line_1_14' title="bbox 89 1463 1089 1543; baseline 0.006 -24"><span class='ocrx_word' id='word_1_93' title='bbox 89 1479 179 1522; x_wconf 75' lang='lat' dir='ltr'><strong>tersus</strong></span> <span class='ocrx_word' id='word_1_94' title='bbox 193 1464 235 1522; x_wconf 88' lang='lat' dir='ltr'><strong>sic</strong></span> <span class='ocrx_word' id='word_1_95' title='bbox 250 1463 337 1522; x_wconf 90' lang='lat' dir='ltr'><strong>vellet</strong></span> <span class='ocrx_word' id='word_1_96' title='bbox 351 1463 506 1543; x_wconf 84' lang='lat' dir='ltr'><strong>distingui:</strong></span> <span class='ocrx_word' id='word_1_97' title='bbox 1085 1476 1089 1483; x_wconf 88' lang='lat'>&#39;</span> 
     </span>
    </p>
   </div>
   <div class='ocr_carea' id='block_1_5' title="bbox 158 1576 597 1744">
    <p class='ocr_par' dir='ltr' id='par_1_8' title="bbox 158 1576 597 1744">
     <span class='ocr_line' id='line_1_15' title="bbox 158 1576 370 1656; baseline 0.019 -19"><span class='ocrx_word' id='word_1_98' title='bbox 158 1576 279 1656; x_wconf 71' lang='grc' dir='ltr'><strong>κᾶμακος</strong></span> <span class='ocrx_word' id='word_1_99' title='bbox 290 1583 370 1644; x_wconf 63' lang='grc' dir='ltr'><strong>θέσαν</strong></span> 
     </span>
     <span class='ocr_line' id='line_1_16' title="bbox 199 1660 597 1744; baseline 0.003 -25"><span class='ocrx_word' id='word_1_100' title='bbox 199 1667 342 1731; x_wconf 60' lang='lat' dir='ltr'><strong>Macedon,</strong></span> <span class='ocrx_word' id='word_1_101' title='bbox 365 1664 451 1744; x_wconf 55' lang='lat' dir='ltr'><strong>‘recol</strong></span> <span class='ocrx_word' id='word_1_102' title='bbox 462 1660 488 1721; x_wconf 63' lang='grc' dir='ltr'><strong>θ’</strong></span> <span class='ocrx_word' id='word_1_103' title='bbox 501 1665 597 1741; x_wconf 69' lang='grc' dir='ltr'><strong>ὅμοίως.</strong></span> 
     </span>
    </p>
   </div>
   <div class='ocr_carea' id='block_1_6' title="bbox 89 1773 1247 4378">
    <p class='ocr_par' dir='ltr' id='par_1_9' title="bbox 89 1773 1207 2079">
     <span class='ocr_line' id='line_1_17' title="bbox 89 1773 1206 1853; baseline 0.002 -19"><span class='ocrx_word' id='word_1_104' title='bbox 89 1773 227 1834; x_wconf 64' lang='lat' dir='ltr'><strong>laetarum</strong></span> <span class='ocrx_word' id='word_1_105' title='bbox 246 1773 324 1832; x_wconf 88' lang='lat' dir='ltr'><strong>haud</strong></span> <span class='ocrx_word' id='word_1_106' title='bbox 337 1773 398 1832; x_wconf 90' lang='lat' dir='ltr'><strong>scio</strong></span> <span class='ocrx_word' id='word_1_107' title='bbox 411 1794 447 1833; x_wconf 90' lang='lat' dir='ltr'><strong>an</strong></span> <span class='ocrx_word' id='word_1_108' title='bbox 464 1793 523 1835; x_wconf 91' lang='lat' dir='ltr'><strong>non</strong></span> <span class='ocrx_word' id='word_1_109' title='bbox 536 1776 719 1835; x_wconf 87' lang='lat' dir='ltr'><strong>inveniantur</strong></span> <span class='ocrx_word' id='word_1_110' title='bbox 730 1776 862 1837; x_wconf 66' lang='lat' dir='ltr'><strong>breviore</strong></span> <span class='ocrx_word' id='word_1_111' title='bbox 877 1786 1044 1853; x_wconf 83' lang='lat' dir='ltr'><strong>systemata,</strong></span> <span class='ocrx_word' id='word_1_112' title='bbox 1066 1794 1151 1853; x_wconf 88' lang='lat' dir='ltr'><strong>quam</strong></span> <span class='ocrx_word' id='word_1_113' title='bbox 1167 1796 1206 1836; x_wconf 85' lang='lat' dir='ltr'><strong>ex</strong></span> 
     </span>
     <span class='ocr_line' id='line_1_18' title="bbox 89 1855 1206 1936; baseline 0.001 -23"><span class='ocrx_word' id='word_1_114' title='bbox 89 1855 203 1913; x_wconf 86' lang='lat' dir='ltr'><strong>limetro</strong></span> <span class='ocrx_word' id='word_1_115' title='bbox 217 1865 249 1912; x_wconf 85' lang='lat' dir='ltr'><strong>st</strong></span> <span class='ocrx_word' id='word_1_116' title='bbox 272 1855 456 1934; x_wconf 74' lang='lat' dir='ltr'><strong>paroemiam,</strong></span> <span class='ocrx_word' id='word_1_117' title='bbox 480 1876 602 1934; x_wconf 90' lang='lat' dir='ltr'><strong>quorum</strong></span> <span class='ocrx_word' id='word_1_118' title='bbox 626 1857 761 1936; x_wconf 87' lang='lat' dir='ltr'><strong>exempla</strong></span> <span class='ocrx_word' id='word_1_119' title='bbox 780 1860 912 1935; x_wconf 81' lang='lat' dir='ltr'><strong>quoedam</strong></span> <span class='ocrx_word' id='word_1_120' title='bbox 933 1876 1022 1936; x_wconf 90' lang='lat' dir='ltr'><strong>quum</strong></span> <span class='ocrx_word' id='word_1_121' title='bbox 1042 1857 1111 1916; x_wconf 87' lang='lat' dir='ltr'><strong>alibi</strong></span> <span class='ocrx_word' id='word_1_122' title='bbox 1127 1867 1206 1928; x_wconf 90' lang='lat' dir='ltr'><strong>sunt,</strong></span> 
     </span>
     <span class='ocr_line' id='line_1_19' title="bbox 90 1936 1207 2017; baseline 0.003 -24"><span class='ocrx_word' id='word_1_123' title='bbox 90 1954 140 1993; x_wconf 90' lang='lat' dir='ltr'><strong>um</strong></span> <span class='ocrx_word' id='word_1_124' title='bbox 164 1937 193 1994; x_wconf 90' lang='lat' dir='ltr'><strong>in</strong></span> <span class='ocrx_word' id='word_1_125' title='bbox 216 1936 410 1996; x_wconf 89' lang='lat' dir='ltr'><strong>Eumenidum</strong></span> <span class='ocrx_word' id='word_1_126' title='bbox 434 1938 561 1998; x_wconf 88' lang='lat' dir='ltr'><strong>carmine</strong></span> <span class='ocrx_word' id='word_1_127' title='bbox 582 1958 629 2011; x_wconf 88' lang='lat' dir='ltr'><strong>eo,</strong></span> <span class='ocrx_word' id='word_1_128' title='bbox 651 1942 734 2017; x_wconf 91' lang='lat' dir='ltr'><strong>cujus</strong></span> <span class='ocrx_word' id='word_1_129' title='bbox 756 1938 869 1997; x_wconf 89' lang='lat' dir='ltr'><strong>initium</strong></span> <span class='ocrx_word' id='word_1_130' title='bbox 891 1949 936 1997; x_wconf 89' lang='lat' dir='ltr'><strong>est</strong></span> <span class='ocrx_word' id='word_1_131' title='bbox 956 1957 983 1997; x_wconf 86' lang='lat' dir='ltr'><strong>v.</strong></span> <span class='ocrx_word' id='word_1_132' title='bbox 1006 1941 1076 2002; x_wconf 87' lang='grc'><strong>307.</strong></span> <span class='ocrx_word' id='word_1_133' title='bbox 1117 1938 1207 1997; x_wconf 88' lang='lat' dir='ltr'><strong>Adde</strong></span> 
     </span>
     <span class='ocr_line' id='line_1_20' title="bbox 89 2017 293 2079; baseline 0.005 -4"><span class='ocrx_word' id='word_1_134' title='bbox 89 2017 106 2075; x_wconf 74' lang='grc'><strong>1</strong></span> <span class='ocrx_word' id='word_1_135' title='bbox 129 2023 293 2079; x_wconf 85' lang='lat' dir='ltr'><strong>am.1501.</strong></span> 
     </span>
    </p>

    <p class='ocr_par' dir='ltr' id='par_1_10' title="bbox 89 2038 1245 2913">
     <span class='ocr_line' id='line_1_21' title="bbox 108 2038 1207 2181; baseline -0.004 -19"><span class='ocrx_word' id='word_1_136' title='bbox 108 2038 169 2162; x_wconf 65' lang='lat' dir='ltr'><strong>gld.</strong></span> <span class='ocrx_word' id='word_1_137' title='bbox 192 2099 412 2178; x_wconf 90' lang='lat' dir='ltr'><strong>Antistrophica</strong></span> <span class='ocrx_word' id='word_1_138' title='bbox 426 2120 515 2181; x_wconf 91' lang='lat' dir='ltr'><strong>quum</strong></span> <span class='ocrx_word' id='word_1_139' title='bbox 529 2113 596 2160; x_wconf 92' lang='lat' dir='ltr'><strong>sunt</strong></span> <span class='ocrx_word' id='word_1_140' title='bbox 609 2112 767 2181; x_wconf 88' lang='lat' dir='ltr'><strong>systemata</strong></span> <span class='ocrx_word' id='word_1_141' title='bbox 779 2099 962 2179; x_wconf 72' lang='lat' dir='ltr'><strong>anapaestica,</strong></span> <span class='ocrx_word' id='word_1_142' title='bbox 983 2117 1020 2158; x_wconf 85' lang='lat' dir='ltr'><strong>eo</strong></span> <span class='ocrx_word' id='word_1_143' title='bbox 1032 2117 1050 2157; x_wconf 89' lang='lat' dir='ltr'><strong>a</strong></span> <span class='ocrx_word' id='word_1_144' title='bbox 1060 2099 1207 2177; x_wconf 87' lang='lat' dir='ltr'><strong>plerisque</strong></span> 
     </span>
     <span class='ocr_line' id='line_1_22' title="bbox 89 2178 1245 2261; baseline 0 -24"><span class='ocrx_word' id='word_1_145' title='bbox 89 2178 141 2238; x_wconf 84' lang='lat' dir='ltr'><strong>lliis</strong></span> <span class='ocrx_word' id='word_1_146' title='bbox 152 2179 252 2238; x_wconf 89' lang='lat' dir='ltr'><strong>metris</strong></span> <span class='ocrx_word' id='word_1_147' title='bbox 262 2180 407 2252; x_wconf 85' lang='lat' dir='ltr'><strong>differunt,</strong></span> <span class='ocrx_word' id='word_1_148' title='bbox 429 2182 508 2261; x_wconf 93' lang='lat' dir='ltr'><strong>quod</strong></span> <span class='ocrx_word' id='word_1_149' title='bbox 521 2202 579 2240; x_wconf 93' lang='lat' dir='ltr'><strong>non</strong></span> <span class='ocrx_word' id='word_1_150' title='bbox 594 2202 645 2261; x_wconf 89' lang='lat' dir='ltr'><strong>pes</strong></span> <span class='ocrx_word' id='word_1_151' title='bbox 658 2182 736 2261; x_wconf 86' lang='lat' dir='ltr'><strong>pedi,</strong></span> <span class='ocrx_word' id='word_1_152' title='bbox 757 2182 809 2241; x_wconf 85' lang='lat' dir='ltr'><strong>sed</strong></span> <span class='ocrx_word' id='word_1_153' title='bbox 823 2199 921 2240; x_wconf 88' lang='lat' dir='ltr'><strong>versus</strong></span> <span class='ocrx_word' id='word_1_154' title='bbox 931 2181 1025 2240; x_wconf 87' lang='lat' dir='ltr'><strong>versui</strong></span> <span class='ocrx_word' id='word_1_155' title='bbox 1037 2181 1206 2258; x_wconf 78' lang='lat' dir='ltr'><strong>respondet.</strong></span> <span class='ocrx_word' id='word_1_156' title='bbox 1244 2234 1245 2237; x_wconf 74' lang='grc'>,</span> 
     </span>
     <span class='ocr_line' id='line_1_23' title="bbox 89 2261 1206 2339; baseline 0.002 -21"><span class='ocrx_word' id='word_1_157' title='bbox 89 2261 281 2332; x_wconf 74' lang='lat' dir='ltr'><strong>deridemus,</strong></span> <span class='ocrx_word' id='word_1_158' title='bbox 302 2262 394 2321; x_wconf 90' lang='lat' dir='ltr'><strong>sicubi</strong></span> <span class='ocrx_word' id='word_1_159' title='bbox 409 2275 605 2323; x_wconf 89' lang='lat' dir='ltr'><strong>monometros</strong></span> <span class='ocrx_word' id='word_1_160' title='bbox 627 2263 764 2323; x_wconf 90' lang='lat' dir='ltr'><strong>constitui</strong></span> <span class='ocrx_word' id='word_1_161' title='bbox 785 2281 904 2323; x_wconf 90' lang='lat' dir='ltr'><strong>necesse</strong></span> <span class='ocrx_word' id='word_1_162' title='bbox 922 2271 978 2332; x_wconf 90' lang='lat' dir='ltr'><strong>est,</strong></span> <span class='ocrx_word' id='word_1_163' title='bbox 999 2261 1130 2320; x_wconf 89' lang='lat' dir='ltr'><strong>eamdem</strong></span> <span class='ocrx_word' id='word_1_164' title='bbox 1152 2280 1206 2339; x_wconf 92' lang='lat' dir='ltr'><strong>op·</strong></span> 
     </span>
     <span class='ocr_line' id='line_1_24' title="bbox 89 2341 1203 2424; baseline 0.005 -28"><span class='ocrx_word' id='word_1_165' title='bbox 89 2341 284 2402; x_wconf 79' lang='lat' dir='ltr'><strong>tortunitatem</strong></span> <span class='ocrx_word' id='word_1_166' title='bbox 308 2343 396 2402; x_wconf 87' lang='lat' dir='ltr'><strong>etiam</strong></span> <span class='ocrx_word' id='word_1_167' title='bbox 421 2344 449 2401; x_wconf 92' lang='lat' dir='ltr'><strong>in</strong></span> <span class='ocrx_word' id='word_1_168' title='bbox 471 2365 581 2415; x_wconf 89' lang='lat' dir='ltr'><strong>eorum,</strong></span> <span class='ocrx_word' id='word_1_169' title='bbox 602 2346 652 2424; x_wconf 88' lang='lat' dir='ltr'><strong>qui</strong></span> <span class='ocrx_word' id='word_1_170' title='bbox 678 2355 875 2424; x_wconf 91' lang='lat' dir='ltr'><strong>opponuntur,</strong></span> <span class='ocrx_word' id='word_1_171' title='bbox 895 2361 1031 2403; x_wconf 88' lang='lat' dir='ltr'><strong>versuum</strong></span> <span class='ocrx_word' id='word_1_172' title='bbox 1055 2343 1203 2402; x_wconf 83' lang='lat' dir='ltr'><strong>vocabulis</strong></span> 
     </span>
     <span class='ocr_line' id='line_1_25' title="bbox 89 2423 1206 2503; baseline 0.001 -21"><span class='ocrx_word' id='word_1_173' title='bbox 89 2433 165 2502; x_wconf 82' lang='lat' dir='ltr'><strong>uque</strong></span> <span class='ocrx_word' id='word_1_174' title='bbox 178 2423 311 2483; x_wconf 88' lang='lat' dir='ltr'><strong>oratione</strong></span> <span class='ocrx_word' id='word_1_175' title='bbox 325 2425 456 2487; x_wconf 90' lang='lat' dir='ltr'><strong>inveniri.</strong></span> <span class='ocrx_word' id='word_1_176' title='bbox 499 2425 644 2503; x_wconf 83' lang='lat' dir='ltr'><strong>Exempla</strong></span> <span class='ocrx_word' id='word_1_177' title='bbox 664 2428 733 2486; x_wconf 87' lang='lat' dir='ltr'><strong>sutis</strong></span> <span class='ocrx_word' id='word_1_178' title='bbox 746 2424 841 2485; x_wconf 88' lang='lat' dir='ltr'><strong>habeo</strong></span> <span class='ocrx_word' id='word_1_179' title='bbox 855 2425 892 2483; x_wconf 90' lang='lat' dir='ltr'><strong>de</strong></span> <span class='ocrx_word' id='word_1_180' title='bbox 910 2425 1008 2483; x_wconf 90' lang='lat' dir='ltr'><strong>multis</strong></span> <span class='ocrx_word' id='word_1_181' title='bbox 1029 2442 1206 2483; x_wconf 89' lang='lat' dir='ltr'><strong>commemo·</strong></span> 
     </span>
     <span class='ocr_line' id='line_1_26' title="bbox 89 2505 1203 2586; baseline 0.003 -24"><span class='ocrx_word' id='word_1_182' title='bbox 89 2521 139 2564; x_wconf 89' lang='lat' dir='ltr'><strong>are</strong></span> <span class='ocrx_word' id='word_1_183' title='bbox 162 2524 209 2575; x_wconf 90' lang='lat' dir='ltr'><strong>ea,</strong></span> <span class='ocrx_word' id='word_1_184' title='bbox 233 2524 298 2582; x_wconf 85' lang='lat' dir='ltr'><strong>quae</strong></span> <span class='ocrx_word' id='word_1_185' title='bbox 312 2517 379 2566; x_wconf 91' lang='lat' dir='ltr'><strong>sunt</strong></span> <span class='ocrx_word' id='word_1_186' title='bbox 400 2508 428 2565; x_wconf 92' lang='lat' dir='ltr'><strong>in</strong></span> <span class='ocrx_word' id='word_1_187' title='bbox 444 2507 625 2586; x_wconf 79' lang='lat' dir='ltr'><strong>Choe&#39;phoris</strong></span> <span class='ocrx_word' id='word_1_188' title='bbox 639 2529 667 2569; x_wconf 89' lang='lat' dir='ltr'><strong>v.</strong></span> <span class='ocrx_word' id='word_1_189' title='bbox 684 2512 754 2570; x_wconf 85' lang='grc'><strong>338.</strong></span> <span class='ocrx_word' id='word_1_190' title='bbox 769 2525 850 2585; x_wconf 84' lang='lat' dir='ltr'><strong>seqq.</strong></span> <span class='ocrx_word' id='word_1_191' title='bbox 865 2507 969 2586; x_wconf 92' lang='lat' dir='ltr'><strong>quibus</strong></span> <span class='ocrx_word' id='word_1_192' title='bbox 983 2505 1159 2584; x_wconf 89' lang='lat' dir='ltr'><strong>respondent</strong></span> <span class='ocrx_word' id='word_1_193' title='bbox 1173 2525 1203 2565; x_wconf 92' lang='lat' dir='ltr'><strong>v.</strong></span> 
     </span>
     <span class='ocr_line' id='line_1_27' title="bbox 89 2586 1203 2669; baseline 0 -23"><span class='ocrx_word' id='word_1_194' title='bbox 89 2591 143 2646; x_wconf 61' lang='lat'><strong>³98.</strong></span> <span class='ocrx_word' id='word_1_195' title='bbox 158 2605 238 2665; x_wconf 83' lang='lat' dir='ltr'><strong>seqq.</strong></span> <span class='ocrx_word' id='word_1_196' title='bbox 254 2586 315 2646; x_wconf 87' lang='lat' dir='ltr'><strong>aliis</strong></span> <span class='ocrx_word' id='word_1_197' title='bbox 329 2589 480 2667; x_wconf 76' lang='lat' dir='ltr'><strong>anapaestis</strong></span> <span class='ocrx_word' id='word_1_198' title='bbox 494 2588 523 2646; x_wconf 94' lang='lat' dir='ltr'><strong>in</strong></span> <span class='ocrx_word' id='word_1_199' title='bbox 538 2589 633 2649; x_wconf 91' lang='lat' dir='ltr'><strong>medio</strong></span> <span class='ocrx_word' id='word_1_200' title='bbox 647 2590 757 2669; x_wconf 85' lang='lat' dir='ltr'><strong>positis,</strong></span> <span class='ocrx_word' id='word_1_201' title='bbox 779 2590 828 2667; x_wconf 91' lang='lat' dir='ltr'><strong>qui</strong></span> <span class='ocrx_word' id='word_1_202' title='bbox 842 2588 953 2647; x_wconf 89' lang='lat' dir='ltr'><strong>mesodi</strong></span> <span class='ocrx_word' id='word_1_203' title='bbox 966 2587 1056 2645; x_wconf 89' lang='lat' dir='ltr'><strong>instar</strong></span> <span class='ocrx_word' id='word_1_204' title='bbox 1069 2597 1150 2654; x_wconf 72' lang='lat' dir='ltr'><strong>sunt,</strong></span> <span class='ocrx_word' id='word_1_205' title='bbox 1170 2598 1203 2646; x_wconf 91' lang='lat' dir='ltr'><strong>et</strong></span> 
     </span>
     <span class='ocr_line' id='line_1_28' title="bbox 89 2666 1201 2750; baseline 0.004 -28"><span class='ocrx_word' id='word_1_206' title='bbox 89 2683 102 2722; x_wconf 83' lang='lat' dir='ltr'><strong>a</strong></span> <span class='ocrx_word' id='word_1_207' title='bbox 118 2667 243 2729; x_wconf 88' lang='lat' dir='ltr'><strong>Eumeu.</strong></span> <span class='ocrx_word' id='word_1_208' title='bbox 263 2686 280 2727; x_wconf 86' lang='lat' dir='ltr'><strong>a</strong></span> <span class='ocrx_word' id='word_1_209' title='bbox 293 2689 321 2730; x_wconf 86' lang='lat' dir='ltr'><strong>v.</strong></span> <span class='ocrx_word' id='word_1_210' title='bbox 336 2674 406 2730; x_wconf 87' lang='grc'><strong>930.</strong></span> <span class='ocrx_word' id='word_1_211' title='bbox 420 2670 470 2749; x_wconf 93' lang='lat' dir='ltr'><strong>qui</strong></span> <span class='ocrx_word' id='word_1_212' title='bbox 484 2670 537 2748; x_wconf 92' lang='lat' dir='ltr'><strong>ipsi</strong></span> <span class='ocrx_word' id='word_1_213' title='bbox 557 2687 674 2750; x_wconf 90' lang='lat' dir='ltr'><strong>quoque</strong></span> <span class='ocrx_word' id='word_1_214' title='bbox 694 2670 844 2730; x_wconf 88' lang='lat' dir='ltr'><strong>mesodum</strong></span> <span class='ocrx_word' id='word_1_215' title='bbox 864 2667 1067 2748; x_wconf 80' lang='lat' dir='ltr'><strong>mapaesticam</strong></span> <span class='ocrx_word' id='word_1_216' title='bbox 1081 2666 1201 2741; x_wconf 89' lang='lat' dir='ltr'><strong>habent,</strong></span> 
     </span>
     <span class='ocr_line' id='line_1_29' title="bbox 89 2748 1201 2831; baseline 0.001 -27"><span class='ocrx_word' id='word_1_217' title='bbox 89 2748 241 2808; x_wconf 82' lang='lat' dir='ltr'><strong>ncordine</strong></span> <span class='ocrx_word' id='word_1_218' title='bbox 255 2751 395 2829; x_wconf 84' lang='lat' dir='ltr'><strong>dispositi,</strong></span> <span class='ocrx_word' id='word_1_219' title='bbox 409 2779 438 2812; x_wconf 75' lang='lat' dir='ltr'><strong>a.</strong></span> <span class='ocrx_word' id='word_1_220' title='bbox 451 2764 482 2823; x_wconf 80' lang='grc' dir='ltr'><strong>β.</strong></span> <span class='ocrx_word' id='word_1_221' title='bbox 495 2780 527 2830; x_wconf 78' lang='grc' dir='ltr'><strong>μ.</strong></span> <span class='ocrx_word' id='word_1_222' title='bbox 541 2764 571 2823; x_wconf 80' lang='grc' dir='ltr'><strong>β.</strong></span> <span class='ocrx_word' id='word_1_223' title='bbox 585 2779 614 2814; x_wconf 72' lang='grc' dir='ltr'><strong>ι.</strong></span> <span class='ocrx_word' id='word_1_224' title='bbox 625 2752 703 2813; x_wconf 88' lang='lat' dir='ltr'><strong>unde</strong></span> <span class='ocrx_word' id='word_1_225' title='bbox 717 2760 848 2831; x_wconf 90' lang='lat' dir='ltr'><strong>apparet,</strong></span> <span class='ocrx_word' id='word_1_226' title='bbox 858 2769 886 2810; x_wconf 83' lang='lat' dir='ltr'><strong>v.</strong></span> <span class='ocrx_word' id='word_1_227' title='bbox 901 2753 971 2812; x_wconf 88' lang='grc'><strong>936.</strong></span> <span class='ocrx_word' id='word_1_228' title='bbox 986 2749 1107 2808; x_wconf 88' lang='lat' dir='ltr'><strong>verbum</strong></span> <span class='ocrx_word' id='word_1_229' title='bbox 1118 2750 1201 2825; x_wconf 75' lang='lat' dir='ltr'><strong>expi-</strong></span> 
     </span>
     <span class='ocr_line' id='line_1_30' title="bbox 89 2826 672 2913; baseline 0.01 -24"><span class='ocrx_word' id='word_1_230' title='bbox 89 2826 158 2900; x_wconf 70' lang='lat' dir='ltr'><strong>l&#39;sse,</strong></span> <span class='ocrx_word' id='word_1_231' title='bbox 181 2829 261 2909; x_wconf 91' lang='lat' dir='ltr'><strong>quod</strong></span> <span class='ocrx_word' id='word_1_232' title='bbox 273 2831 442 2910; x_wconf 86' lang='lat' dir='ltr'><strong>impleverat</strong></span> <span class='ocrx_word' id='word_1_233' title='bbox 455 2834 672 2913; x_wconf 89' lang='lat' dir='ltr'><strong>paroemiacum.</strong></span> 
     </span>
    </p>

    <p class='ocr_par' dir='ltr' id='par_1_11' title="bbox 89 2911 1247 4378">
     <span class='ocr_line' id='line_1_31' title="bbox 116 2911 1202 2993; baseline -0.001 -20"><span class='ocrx_word' id='word_1_234' title='bbox 116 2916 163 2973; x_wconf 87' lang='grc'><strong>13.</strong></span> <span class='ocrx_word' id='word_1_235' title='bbox 184 2912 234 2986; x_wconf 80' lang='lat' dir='ltr'><strong>Ab</strong></span> <span class='ocrx_word' id='word_1_236' title='bbox 255 2912 390 2991; x_wconf 83' lang='lat' dir='ltr'><strong>legitimis</strong></span> <span class='ocrx_word' id='word_1_237' title='bbox 411 2915 562 2993; x_wconf 76' lang='lat' dir='ltr'><strong>anapaestis</strong></span> <span class='ocrx_word' id='word_1_238' title='bbox 576 2927 636 2976; x_wconf 91' lang='lat' dir='ltr'><strong>tam</strong></span> <span class='ocrx_word' id='word_1_239' title='bbox 650 2914 732 2976; x_wconf 91' lang='lat' dir='ltr'><strong>tenui</strong></span> <span class='ocrx_word' id='word_1_240' title='bbox 746 2912 912 2975; x_wconf 89' lang='lat' dir='ltr'><strong>discrimine</strong></span> <span class='ocrx_word' id='word_1_241' title='bbox 925 2911 1064 2973; x_wconf 85' lang='lat' dir='ltr'><strong>transitur</strong></span> <span class='ocrx_word' id='word_1_242' title='bbox 1077 2911 1116 2971; x_wconf 89' lang='lat' dir='ltr'><strong>ad</strong></span> <span class='ocrx_word' id='word_1_243' title='bbox 1129 2911 1202 2977; x_wconf 72' lang='lat' dir='ltr'><strong>liba</strong></span> 
     </span>
     <span class='ocr_line' id='line_1_32' title="bbox 89 2987 1203 3076; baseline 0.001 -24"><span class='ocrx_word' id='word_1_244' title='bbox 89 2987 163 3053; x_wconf 78' lang='lat' dir='ltr'><strong>iores</strong></span> <span class='ocrx_word' id='word_1_245' title='bbox 187 2994 302 3062; x_wconf 81' lang='lat' dir='ltr'><strong>formas,</strong></span> <span class='ocrx_word' id='word_1_246' title='bbox 326 3005 359 3054; x_wconf 90' lang='lat' dir='ltr'><strong>ut</strong></span> <span class='ocrx_word' id='word_1_247' title='bbox 382 2994 528 3055; x_wconf 89' lang='lat' dir='ltr'><strong>interdum</strong></span> <span class='ocrx_word' id='word_1_248' title='bbox 552 3015 659 3076; x_wconf 87' lang='lat' dir='ltr'><strong>anceps</strong></span> <span class='ocrx_word' id='word_1_249' title='bbox 680 2999 718 3056; x_wconf 91' lang='lat' dir='ltr'><strong>sit</strong></span> <span class='ocrx_word' id='word_1_250' title='bbox 732 2995 912 3074; x_wconf 87' lang='lat' dir='ltr'><strong>dijudicatio.</strong></span> <span class='ocrx_word' id='word_1_251' title='bbox 954 2995 989 3053; x_wconf 96' lang='lat' dir='ltr'><strong>ln</strong></span> <span class='ocrx_word' id='word_1_252' title='bbox 1004 2994 1203 3054; x_wconf 88' lang='lat' dir='ltr'><strong>universuma</strong></span> 
     </span>
     <span class='ocr_line' id='line_1_33' title="bbox 89 3072 1203 3157; baseline -0.001 -22"><span class='ocrx_word' id='word_1_253' title='bbox 89 3072 211 3152; x_wconf 75' lang='lat' dir='ltr'><strong>sgitimis</strong></span> <span class='ocrx_word' id='word_1_254' title='bbox 225 3093 261 3134; x_wconf 88' lang='lat' dir='ltr'><strong>co</strong></span> <span class='ocrx_word' id='word_1_255' title='bbox 276 3074 420 3148; x_wconf 86' lang='lat' dir='ltr'><strong>differunt,</strong></span> <span class='ocrx_word' id='word_1_256' title='bbox 442 3077 522 3156; x_wconf 90' lang='lat' dir='ltr'><strong>quod</strong></span> <span class='ocrx_word' id='word_1_257' title='bbox 535 3077 670 3157; x_wconf 86' lang='lat' dir='ltr'><strong>aequabili</strong></span> <span class='ocrx_word' id='word_1_258' title='bbox 682 3078 732 3136; x_wconf 91' lang='lat' dir='ltr'><strong>illa</strong></span> <span class='ocrx_word' id='word_1_259' title='bbox 744 3075 888 3157; x_wconf 88' lang='lat' dir='ltr'><strong>gravitate</strong></span> <span class='ocrx_word' id='word_1_260' title='bbox 909 3085 1020 3147; x_wconf 89' lang='lat' dir='ltr'><strong>carent,</strong></span> <span class='ocrx_word' id='word_1_261' title='bbox 1041 3087 1073 3135; x_wconf 90' lang='lat' dir='ltr'><strong>et</strong></span> <span class='ocrx_word' id='word_1_262' title='bbox 1089 3085 1203 3134; x_wconf 88' lang='lat' dir='ltr'><strong>motum</strong></span> 
     </span>
     <span class='ocr_line' id='line_1_34' title="bbox 89 3155 1202 3238; baseline -0.001 -24"><span class='ocrx_word' id='word_1_263' title='bbox 89 3156 160 3214; x_wconf 81' lang='lat' dir='ltr'><strong>nimi</strong></span> <span class='ocrx_word' id='word_1_264' title='bbox 174 3155 266 3234; x_wconf 86' lang='lat' dir='ltr'><strong>magis</strong></span> <span class='ocrx_word' id='word_1_265' title='bbox 279 3156 390 3217; x_wconf 85' lang='lat' dir='ltr'><strong>varium</strong></span> <span class='ocrx_word' id='word_1_266' title='bbox 403 3168 491 3237; x_wconf 90' lang='lat' dir='ltr'><strong>atque</strong></span> <span class='ocrx_word' id='word_1_267' title='bbox 507 3159 670 3220; x_wconf 88' lang='lat' dir='ltr'><strong>instabilem</strong></span> <span class='ocrx_word' id='word_1_268' title='bbox 684 3159 861 3238; x_wconf 84' lang='lat' dir='ltr'><strong>exprimunt.</strong></span> <span class='ocrx_word' id='word_1_269' title='bbox 903 3157 962 3216; x_wconf 90' lang='lat' dir='ltr'><strong>Sed</strong></span> <span class='ocrx_word' id='word_1_270' title='bbox 975 3157 1039 3216; x_wconf 86' lang='lat' dir='ltr'><strong>haec</strong></span> <span class='ocrx_word' id='word_1_271' title='bbox 1053 3173 1099 3215; x_wconf 85' lang='lat' dir='ltr'><strong>res</strong></span> <span class='ocrx_word' id='word_1_272' title='bbox 1110 3174 1202 3234; x_wconf 90' lang='lat' dir='ltr'><strong>quum</strong></span> 
     </span>
     <span class='ocr_line' id='line_1_35' title="bbox 89 3235 1200 3318; baseline -0.001 -23"><span class='ocrx_word' id='word_1_273' title='bbox 89 3235 180 3304; x_wconf 67' lang='lat' dir='ltr'><strong>radus</strong></span> <span class='ocrx_word' id='word_1_274' title='bbox 205 3237 345 3314; x_wconf 88' lang='lat' dir='ltr'><strong>quosdam</strong></span> <span class='ocrx_word' id='word_1_275' title='bbox 369 3250 400 3300; x_wconf 89' lang='lat' dir='ltr'><strong>et</strong></span> <span class='ocrx_word' id='word_1_276' title='bbox 423 3239 577 3300; x_wconf 89' lang='lat' dir='ltr'><strong>varietates</strong></span> <span class='ocrx_word' id='word_1_277' title='bbox 590 3241 707 3312; x_wconf 87' lang='lat' dir='ltr'><strong>habeat,</strong></span> <span class='ocrx_word' id='word_1_278' title='bbox 728 3239 816 3301; x_wconf 86' lang='lat' dir='ltr'><strong>etiam</strong></span> <span class='ocrx_word' id='word_1_279' title='bbox 835 3238 973 3318; x_wconf 79' lang='lat' dir='ltr'><strong>anapaesti</strong></span> <span class='ocrx_word' id='word_1_280' title='bbox 986 3236 1028 3295; x_wconf 94' lang='lat' dir='ltr'><strong>illi</strong></span> <span class='ocrx_word' id='word_1_281' title='bbox 1042 3238 1132 3314; x_wconf 86' lang='lat' dir='ltr'><strong>magis</strong></span> <span class='ocrx_word' id='word_1_282' title='bbox 1145 3237 1200 3294; x_wconf 89' lang='lat' dir='ltr'><strong>mi-</strong></span> 
     </span>
     <span class='ocr_line' id='line_1_36' title="bbox 89 3318 1201 3398; baseline -0.002 -20"><span class='ocrx_word' id='word_1_283' title='bbox 89 3333 173 3388; x_wconf 70' lang='lat' dir='ltr'><strong>nasve,</strong></span> <span class='ocrx_word' id='word_1_284' title='bbox 193 3337 290 3396; x_wconf 88' lang='lat' dir='ltr'><strong>neque</strong></span> <span class='ocrx_word' id='word_1_285' title='bbox 305 3319 408 3379; x_wconf 89' lang='lat' dir='ltr'><strong>eodem</strong></span> <span class='ocrx_word' id='word_1_286' title='bbox 421 3321 509 3380; x_wconf 90' lang='lat' dir='ltr'><strong>modo</strong></span> <span class='ocrx_word' id='word_1_287' title='bbox 522 3320 605 3382; x_wconf 90' lang='lat' dir='ltr'><strong>liberi</strong></span> <span class='ocrx_word' id='word_1_288' title='bbox 619 3334 697 3384; x_wconf 81' lang='lat' dir='ltr'><strong>sunt.</strong></span> <span class='ocrx_word' id='word_1_289' title='bbox 739 3320 847 3380; x_wconf 88' lang='lat' dir='ltr'><strong>Omnia</strong></span> <span class='ocrx_word' id='word_1_290' title='bbox 860 3331 892 3379; x_wconf 91' lang='lat' dir='ltr'><strong>ut</strong></span> <span class='ocrx_word' id='word_1_291' title='bbox 901 3319 1001 3398; x_wconf 89' lang='lat' dir='ltr'><strong>paucis</strong></span> <span class='ocrx_word' id='word_1_292' title='bbox 1012 3318 1201 3395; x_wconf 86' lang='lat' dir='ltr'><strong>complectar,</strong></span> 
     </span>
     <span class='ocr_line' id='line_1_37' title="bbox 89 3394 1201 3483; baseline -0.003 -24"><span class='ocrx_word' id='word_1_293' title='bbox 89 3394 117 3459; x_wconf 75' lang='lat'><strong>¹51</strong></span> <span class='ocrx_word' id='word_1_294' title='bbox 130 3400 218 3459; x_wconf 87' lang='lat' dir='ltr'><strong>rebus</strong></span> <span class='ocrx_word' id='word_1_295' title='bbox 231 3399 268 3458; x_wconf 85' lang='lat' dir='ltr'><strong>ab</strong></span> <span class='ocrx_word' id='word_1_296' title='bbox 281 3399 418 3479; x_wconf 89' lang='lat' dir='ltr'><strong>legitimis</strong></span> <span class='ocrx_word' id='word_1_297' title='bbox 432 3402 622 3462; x_wconf 91' lang='lat' dir='ltr'><strong>dimetrorum</strong></span> <span class='ocrx_word' id='word_1_298' title='bbox 635 3401 798 3483; x_wconf 87' lang='lat' dir='ltr'><strong>systematis</strong></span> <span class='ocrx_word' id='word_1_299' title='bbox 812 3401 935 3474; x_wconf 88' lang='lat' dir='ltr'><strong>distant,</strong></span> <span class='ocrx_word' id='word_1_300' title='bbox 954 3417 1123 3471; x_wconf 70' lang='lat' dir='ltr'><strong>monsone,</strong></span> <span class='ocrx_word' id='word_1_301' title='bbox 1138 3417 1201 3457; x_wconf 77' lang='lat' dir='ltr'><strong>cm·</strong></span> 
     </span>
     <span class='ocr_line' id='line_1_38' title="bbox 89 3491 1201 3559; baseline -0.002 -19"><span class='ocrx_word' id='word_1_302' title='bbox 89 3493 174 3553; x_wconf 42' lang='lat' dir='ltr'><strong>roan,</strong></span> <span class='ocrx_word' id='word_1_303' title='bbox 195 3499 460 3554; x_wconf 79' lang='lat' dir='ltr'><strong>eanrnrurnnrn,</strong></span> <span class='ocrx_word' id='word_1_304' title='bbox 492 3502 556 3544; x_wconf 85' lang='lat' dir='ltr'><strong>usu</strong></span> <span class='ocrx_word' id='word_1_305' title='bbox 578 3501 787 3554; x_wconf 67' lang='lat' dir='ltr'><strong>alumniam,</strong></span> <span class='ocrx_word' id='word_1_306' title='bbox 808 3500 989 3544; x_wconf 72' lang='lat' dir='ltr'><strong>caranum:</strong></span> <span class='ocrx_word' id='word_1_307' title='bbox 1012 3499 1077 3559; x_wconf 82' lang='lat' dir='ltr'><strong>quae</strong></span> <span class='ocrx_word' id='word_1_308' title='bbox 1098 3498 1144 3540; x_wconf 90' lang='lat' dir='ltr'><strong>res</strong></span> <span class='ocrx_word' id='word_1_309' title='bbox 1166 3491 1201 3538; x_wconf 89' lang='lat' dir='ltr'><strong>ut</strong></span> 
     </span>
     <span class='ocr_line' id='line_1_39' title="bbox 89 3561 1201 3647; baseline 0.002 -31"><span class='ocrx_word' id='word_1_310' title='bbox 89 3574 101 3616; x_wconf 81' lang='lat' dir='ltr'><strong>a</strong></span> <span class='ocrx_word' id='word_1_311' title='bbox 115 3561 262 3621; x_wconf 90' lang='lat' dir='ltr'><strong>nonnullis</strong></span> <span class='ocrx_word' id='word_1_312' title='bbox 276 3562 348 3622; x_wconf 89' lang='lat' dir='ltr'><strong>locis</strong></span> <span class='ocrx_word' id='word_1_313' title='bbox 362 3583 462 3624; x_wconf 89' lang='lat' dir='ltr'><strong>omues</strong></span> <span class='ocrx_word' id='word_1_314' title='bbox 476 3569 641 3647; x_wconf 72' lang='lat' dir='ltr'><strong>conjunctae</strong></span> <span class='ocrx_word' id='word_1_315' title='bbox 655 3565 851 3645; x_wconf 87' lang='lat' dir='ltr'><strong>reperiuntur,</strong></span> <span class='ocrx_word' id='word_1_316' title='bbox 876 3562 917 3622; x_wconf 89' lang='lat' dir='ltr'><strong>ita</strong></span> <span class='ocrx_word' id='word_1_317' title='bbox 931 3563 961 3620; x_wconf 92' lang='lat' dir='ltr'><strong>iu</strong></span> <span class='ocrx_word' id='word_1_318' title='bbox 975 3563 1037 3621; x_wconf 89' lang='lat' dir='ltr'><strong>aliis</strong></span> <span class='ocrx_word' id='word_1_319' title='bbox 1057 3580 1116 3621; x_wconf 88' lang='lat' dir='ltr'><strong>una</strong></span> <span class='ocrx_word' id='word_1_320' title='bbox 1135 3570 1201 3619; x_wconf 88' lang='lat' dir='ltr'><strong>tan·</strong></span> 
     </span>
     <span class='ocr_line' id='line_1_40' title="bbox 89 3641 1200 3722; baseline -0.005 -17"><span class='ocrx_word' id='word_1_321' title='bbox 89 3655 131 3705; x_wconf 74' lang='lat' dir='ltr'><strong>tm</strong></span> <span class='ocrx_word' id='word_1_322' title='bbox 157 3643 204 3703; x_wconf 83' lang='lat' dir='ltr'><strong>vel</strong></span> <span class='ocrx_word' id='word_1_323' title='bbox 229 3643 321 3703; x_wconf 88' lang='lat' dir='ltr'><strong>altera</strong></span> <span class='ocrx_word' id='word_1_324' title='bbox 341 3645 496 3706; x_wconf 88' lang='lat' dir='ltr'><strong>invenitur.</strong></span> <span class='ocrx_word' id='word_1_325' title='bbox 538 3649 586 3706; x_wconf 90' lang='lat' dir='ltr'><strong>Ac</strong></span> <span class='ocrx_word' id='word_1_326' title='bbox 601 3664 759 3708; x_wconf 76' lang='lat' dir='ltr'><strong>mausona</strong></span> <span class='ocrx_word' id='word_1_327' title='bbox 775 3644 920 3715; x_wconf 86' lang='lat' dir='ltr'><strong>differunt,</strong></span> <span class='ocrx_word' id='word_1_328' title='bbox 942 3642 1021 3722; x_wconf 89' lang='lat' dir='ltr'><strong>quod</strong></span> <span class='ocrx_word' id='word_1_329' title='bbox 1034 3641 1200 3721; x_wconf 88' lang='lat' dir='ltr'><strong>proceleus-</strong></span> 
     </span>
     <span class='ocr_line' id='line_1_41' title="bbox 89 3724 1200 3803; baseline -0.005 -17"><span class='ocrx_word' id='word_1_330' title='bbox 89 3726 210 3787; x_wconf 79' lang='lat' dir='ltr'><strong>taticum</strong></span> <span class='ocrx_word' id='word_1_331' title='bbox 225 3744 283 3783; x_wconf 90' lang='lat' dir='ltr'><strong>non</strong></span> <span class='ocrx_word' id='word_1_332' title='bbox 297 3725 386 3786; x_wconf 90' lang='lat' dir='ltr'><strong>modo</strong></span> <span class='ocrx_word' id='word_1_333' title='bbox 400 3726 566 3788; x_wconf 87' lang='lat' dir='ltr'><strong>admittunt:</strong></span> <span class='ocrx_word' id='word_1_334' title='bbox 588 3729 640 3788; x_wconf 89' lang='lat' dir='ltr'><strong>sed</strong></span> <span class='ocrx_word' id='word_1_335' title='bbox 653 3727 800 3789; x_wconf 89' lang='lat' dir='ltr'><strong>interdum</strong></span> <span class='ocrx_word' id='word_1_336' title='bbox 813 3725 875 3785; x_wconf 85' lang='lat' dir='ltr'><strong>fere</strong></span> <span class='ocrx_word' id='word_1_337' title='bbox 895 3725 951 3784; x_wconf 92' lang='lat' dir='ltr'><strong>toti</strong></span> <span class='ocrx_word' id='word_1_338' title='bbox 971 3743 1010 3784; x_wconf 88' lang='lat' dir='ltr'><strong>ex</strong></span> <span class='ocrx_word' id='word_1_339' title='bbox 1033 3724 1200 3803; x_wconf 82' lang='lat' dir='ltr'><strong>proceleus-</strong></span> 
     </span>
     <span class='ocr_line' id='line_1_42' title="bbox 89 3805 1198 3887; baseline -0.006 -18"><span class='ocrx_word' id='word_1_340' title='bbox 89 3805 183 3869; x_wconf 82' lang='lat' dir='ltr'><strong>¹aticia</strong></span> <span class='ocrx_word' id='word_1_341' title='bbox 198 3817 346 3876; x_wconf 64' lang='lat' dir='ltr'><strong>constane</strong></span> <span class='ocrx_word' id='word_1_342' title='bbox 361 3808 522 3887; x_wconf 90' lang='lat' dir='ltr'><strong>eodemque</strong></span> <span class='ocrx_word' id='word_1_343' title='bbox 536 3809 623 3869; x_wconf 90' lang='lat' dir='ltr'><strong>modo</strong></span> <span class='ocrx_word' id='word_1_344' title='bbox 634 3810 703 3870; x_wconf 92' lang='lat' dir='ltr'><strong>alibi</strong></span> <span class='ocrx_word' id='word_1_345' title='bbox 713 3807 767 3869; x_wconf 91' lang='lat' dir='ltr'><strong>toti</strong></span> <span class='ocrx_word' id='word_1_346' title='bbox 778 3827 816 3867; x_wconf 82' lang='lat' dir='ltr'><strong>ex</strong></span> <span class='ocrx_word' id='word_1_347' title='bbox 827 3806 963 3886; x_wconf 90' lang='lat' dir='ltr'><strong>spondeis</strong></span> <span class='ocrx_word' id='word_1_348' title='bbox 973 3815 1198 3884; x_wconf 90' lang='lat' dir='ltr'><strong>componuntur,</strong></span> 
     </span>
     <span class='ocr_line' id='line_1_43' title="bbox 89 3886 1198 3968; baseline -0.005 -18"><span class='ocrx_word' id='word_1_349' title='bbox 89 3890 146 3951; x_wconf 79' lang='lat' dir='ltr'><strong>uod</strong></span> <span class='ocrx_word' id='word_1_350' title='bbox 161 3887 292 3948; x_wconf 84' lang='lat' dir='ltr'><strong>maxime</strong></span> <span class='ocrx_word' id='word_1_351' title='bbox 306 3887 339 3948; x_wconf 85' lang='lat' dir='ltr'><strong>lit</strong></span> <span class='ocrx_word' id='word_1_352' title='bbox 353 3889 383 3947; x_wconf 93' lang='lat' dir='ltr'><strong>in</strong></span> <span class='ocrx_word' id='word_1_353' title='bbox 397 3890 594 3968; x_wconf 85' lang='lat' dir='ltr'><strong>paroemiaco;</strong></span> <span class='ocrx_word' id='word_1_354' title='bbox 614 3888 719 3951; x_wconf 89' lang='lat' dir='ltr'><strong>deinde</strong></span> <span class='ocrx_word' id='word_1_355' title='bbox 733 3906 880 3959; x_wconf 75' lang='lat' dir='ltr'><strong>cmsnnn,</strong></span> <span class='ocrx_word' id='word_1_356' title='bbox 901 3887 981 3967; x_wconf 92' lang='lat' dir='ltr'><strong>quod</strong></span> <span class='ocrx_word' id='word_1_357' title='bbox 1000 3887 1064 3944; x_wconf 82' lang='lat' dir='ltr'><strong>haec</strong></span> <span class='ocrx_word' id='word_1_358' title='bbox 1085 3886 1126 3945; x_wconf 89' lang='lat' dir='ltr'><strong>ita</strong></span> <span class='ocrx_word' id='word_1_359' title='bbox 1146 3905 1198 3945; x_wconf 89' lang='lat' dir='ltr'><strong>ne-</strong></span> 
     </span>
     <span class='ocr_line' id='line_1_44' title="bbox 89 3966 1247 4052; baseline -0.003 -26"><span class='ocrx_word' id='word_1_360' title='bbox 89 3966 199 4052; x_wconf 83' lang='lat' dir='ltr'><strong>ligitur,</strong></span> <span class='ocrx_word' id='word_1_361' title='bbox 223 3980 256 4028; x_wconf 91' lang='lat' dir='ltr'><strong>ut</strong></span> <span class='ocrx_word' id='word_1_362' title='bbox 277 3969 424 4030; x_wconf 90' lang='lat' dir='ltr'><strong>interdum</strong></span> <span class='ocrx_word' id='word_1_363' title='bbox 447 3971 485 4031; x_wconf 87' lang='lat' dir='ltr'><strong>de</strong></span> <span class='ocrx_word' id='word_1_364' title='bbox 509 3971 651 4031; x_wconf 87' lang='lat' dir='ltr'><strong>industria</strong></span> <span class='ocrx_word' id='word_1_365' title='bbox 673 3971 757 4032; x_wconf 87' lang='lat' dir='ltr'><strong>vitari</strong></span> <span class='ocrx_word' id='word_1_366' title='bbox 777 3971 923 4037; x_wconf 85' lang='lat' dir='ltr'><strong>videatur;</strong></span> <span class='ocrx_word' id='word_1_367' title='bbox 943 3978 1004 4027; x_wconf 87' lang='lat' dir='ltr'><strong>tum</strong></span> <span class='ocrx_word' id='word_1_368' title='bbox 1020 3983 1200 4026; x_wconf 75' lang='lat' dir='ltr'><strong>ornantur·</strong></span> <span class='ocrx_word' id='word_1_369' title='bbox 1244 3974 1247 3981; x_wconf 87' lang='lat'>&#39;</span> 
     </span>
     <span class='ocr_line' id='line_1_45' title="bbox 89 4045 1200 4132; baseline -0.007 -18"><span class='ocrx_word' id='word_1_370' title='bbox 89 4071 166 4124; x_wconf 75' lang='lat' dir='ltr'><strong>trs,</strong></span> <span class='ocrx_word' id='word_1_371' title='bbox 187 4050 271 4129; x_wconf 90' lang='lat' dir='ltr'><strong>quod</strong></span> <span class='ocrx_word' id='word_1_372' title='bbox 284 4070 490 4132; x_wconf 88' lang='lat' dir='ltr'><strong>nonnunquam</strong></span> <span class='ocrx_word' id='word_1_373' title='bbox 505 4053 550 4112; x_wconf 88' lang='lat' dir='ltr'><strong>vel</strong></span> <span class='ocrx_word' id='word_1_374' title='bbox 564 4053 711 4113; x_wconf 84' lang='lat' dir='ltr'><strong>cohaerent</strong></span> <span class='ocrx_word' id='word_1_375' title='bbox 727 4072 794 4113; x_wconf 91' lang='lat' dir='ltr'><strong>cum</strong></span> <span class='ocrx_word' id='word_1_376' title='bbox 807 4051 870 4110; x_wconf 92' lang='lat' dir='ltr'><strong>aliis</strong></span> <span class='ocrx_word' id='word_1_377' title='bbox 883 4048 1021 4120; x_wconf 88' lang='lat' dir='ltr'><strong>numeris,</strong></span> <span class='ocrx_word' id='word_1_378' title='bbox 1041 4045 1088 4107; x_wconf 89' lang='lat' dir='ltr'><strong>vel</strong></span> <span class='ocrx_word' id='word_1_379' title='bbox 1107 4048 1145 4107; x_wconf 90' lang='lat' dir='ltr'><strong>ab</strong></span> <span class='ocrx_word' id='word_1_380' title='bbox 1165 4047 1200 4106; x_wconf 81' lang='lat' dir='ltr'><strong>iis</strong></span> 
     </span>
     <span class='ocr_line' id='line_1_46' title="bbox 89 4128 1199 4215; baseline -0.005 -26"><span class='ocrx_word' id='word_1_381' title='bbox 89 4131 302 4215; x_wconf 62' lang='lat' dir='ltr'><strong>oerpellantur,</strong></span> <span class='ocrx_word' id='word_1_382' title='bbox 323 4152 358 4192; x_wconf 90' lang='lat' dir='ltr'><strong>ac</strong></span> <span class='ocrx_word' id='word_1_383' title='bbox 371 4153 410 4194; x_wconf 87' lang='lat' dir='ltr'><strong>ne</strong></span> <span class='ocrx_word' id='word_1_384' title='bbox 425 4132 478 4212; x_wconf 90' lang='lat' dir='ltr'><strong>ipsi</strong></span> <span class='ocrx_word' id='word_1_385' title='bbox 492 4133 610 4212; x_wconf 89' lang='lat' dir='ltr'><strong>quidem</strong></span> <span class='ocrx_word' id='word_1_386' title='bbox 624 4153 724 4194; x_wconf 88' lang='lat' dir='ltr'><strong>secum</strong></span> <span class='ocrx_word' id='word_1_387' title='bbox 738 4143 819 4195; x_wconf 89' lang='lat' dir='ltr'><strong>tanta</strong></span> <span class='ocrx_word' id='word_1_388' title='bbox 832 4130 996 4201; x_wconf 82' lang='lat' dir='ltr'><strong>severitate,</strong></span> <span class='ocrx_word' id='word_1_389' title='bbox 1018 4139 1050 4188; x_wconf 96' lang='lat' dir='ltr'><strong>ut</strong></span> <span class='ocrx_word' id='word_1_390' title='bbox 1064 4128 1199 4207; x_wconf 89' lang='lat' dir='ltr'><strong>legitimi,</strong></span> 
     </span>
     <span class='ocr_line' id='line_1_47' title="bbox 89 4208 1196 4302; baseline -0.01 -24"><span class='ocrx_word' id='word_1_391' title='bbox 89 4213 194 4302; x_wconf 85' lang='lat' dir='ltr'><strong>pulati</strong></span> <span class='ocrx_word' id='word_1_392' title='bbox 221 4223 303 4284; x_wconf 85' lang='lat' dir='ltr'><strong>sunt;</strong></span> <span class='ocrx_word' id='word_1_393' title='bbox 322 4234 409 4292; x_wconf 89' lang='lat' dir='ltr'><strong>porro</strong></span> <span class='ocrx_word' id='word_1_394' title='bbox 434 4233 497 4275; x_wconf 87' lang='lat' dir='ltr'><strong>oso</strong></span> <span class='ocrx_word' id='word_1_395' title='bbox 523 4233 729 4286; x_wconf 78' lang='lat' dir='ltr'><strong>rnnmurncr,</strong></span> <span class='ocrx_word' id='word_1_396' title='bbox 752 4213 831 4295; x_wconf 90' lang='lat' dir='ltr'><strong>quod</strong></span> <span class='ocrx_word' id='word_1_397' title='bbox 852 4212 888 4270; x_wconf 93' lang='lat' dir='ltr'><strong>ab</strong></span> <span class='ocrx_word' id='word_1_398' title='bbox 909 4210 967 4269; x_wconf 93' lang='lat' dir='ltr'><strong>hoc</strong></span> <span class='ocrx_word' id='word_1_399' title='bbox 980 4209 1068 4269; x_wconf 90' lang='lat' dir='ltr'><strong>etiam</strong></span> <span class='ocrx_word' id='word_1_400' title='bbox 1082 4208 1196 4268; x_wconf 89' lang='lat' dir='ltr'><strong>initium</strong></span> 
     </span>
     <span class='ocr_line' id='line_1_48' title="bbox 89 4291 1196 4378; baseline -0.015 -15"><span class='ocrx_word' id='word_1_401' title='bbox 89 4356 90 4363; x_wconf 71' lang='grc'>,</span> <span class='ocrx_word' id='word_1_402' title='bbox 106 4295 269 4373; x_wconf 84' lang='lat' dir='ltr'><strong>multique</strong></span> <span class='ocrx_word' id='word_1_403' title='bbox 281 4313 357 4376; x_wconf 84' lang='lat' dir='ltr'><strong>saepe</strong></span> <span class='ocrx_word' id='word_1_404' title='bbox 372 4297 540 4377; x_wconf 87' lang='lat' dir='ltr'><strong>paroemiaci</strong></span> <span class='ocrx_word' id='word_1_405' title='bbox 552 4296 682 4358; x_wconf 88' lang='lat' dir='ltr'><strong>continui</strong></span> <span class='ocrx_word' id='word_1_406' title='bbox 697 4307 859 4378; x_wconf 84' lang='lat' dir='ltr'><strong>ponuntur;</strong></span> <span class='ocrx_word' id='word_1_407' title='bbox 881 4291 1006 4372; x_wconf 86' lang='lat' dir='ltr'><strong>denique</strong></span> <span class='ocrx_word' id='word_1_408' title='bbox 1018 4306 1196 4358; x_wconf 75' lang='lat' dir='ltr'><strong>caranum,</strong></span> 
     </span>
    </p>
   </div>
   <div class='ocr_carea' id='block_1_7' title="bbox 612 4405 684 4468">
    <p class='ocr_par' dir='ltr' id='par_1_12' title="bbox 612 4405 684 4468">
     <span class='ocr_line' id='line_1_49' title="bbox 612 4405 684 4468; baseline 0.028 -2"><span class='ocrx_word' id='word_1_409' title='bbox 612 4405 684 4468; x_wconf 84' lang='lat' dir='ltr'><strong>llh</strong></span> 
     </span>
    </p>
   </div>
   <div class='ocr_carea' id='block_1_8' title="bbox 0 0 1352 4866">
    <p class='ocr_par' dir='ltr' id='par_1_13' title="bbox 0 0 1352 4866">
     <span class='ocr_line' id='line_1_50' title="bbox 0 0 1352 4866; baseline 0 0"><span class='ocrx_word' id='word_1_410' title='bbox 0 0 1352 4866; x_wconf 95' lang='lat' dir='ltr'><strong> </strong></span> 
     </span>
    </p>
   </div>
  </div>
 </body>
</html>
