2694 4866
389 217 391 223 ’
445 243 505 309 ns
526 202 673 309 tassu'
688 240 923 308 saronmo.
1194 251 1258 347 sm

115 417 205 483 verit.
246 417 324 480 Puto
348 427 447 477 tamen
469 436 537 477 eum
560 416 665 496 pedem
690 416 727 475 ab
751 415 854 475 ultima
876 415 947 476 sede
969 415 1122 478 exclusum
1147 420 1249 488 subse.

116 502 275 584 Spondeos
288 500 396 579 ubique
409 498 582 559 admittebat
594 497 674 556 rudis
687 497 853 576 antiquitas.

160 590 192 646 5.
214 582 468 661 Antiquissimum,
489 581 605 660 dequo
626 580 802 658 accepimus,
824 597 941 639 carmen
961 581 1092 641 versibus
1107 583 1250 648 Saturniis

115 667 271 745 scriptum,
288 663 397 726 Saliare
409 662 476 733 fuit,
491 663 570 741 quod
590 671 746 720 aramenta
766 660 876 719 dictum
897 679 971 735 esse,
997 662 1100 724 Festus
1118 666 1249 731 tradidit.

116 744 298 826 Fragmenta
321 745 407 824 hujus
434 743 569 802 carminis
596 743 714 820 collegit
742 741 850 802 Tobias
873 742 1086 804 Gutberlethus
1106 747 1137 806 in
1160 748 1246 824 libro,

115 848 207 910 quem
222 826 337 906 scripsit
351 825 388 885 de
403 824 496 885 Saliis.
538 825 573 881 ln
586 823 631 882 his
643 823 813 902 fragmentis
826 824 883 883 trio
896 836 963 884 sunt
977 825 1119 904 longiora,
1130 846 1169 889 ex
1183 833 1249 910 qui.

112 912 173 970 bns
186 909 224 969 dc
238 926 360 968 numero
375 911 545 988 conjectura
558 905 620 964 lieri
634 917 741 983 potest,
755 905 808 964 sed
823 924 913 965 unum
927 907 1079 968 dumtaxat
1094 928 1133 970 ex
1145 911 1190 972 his
1200 931 1246 975 aa·

113 992 155 1054 tis
168 990 300 1072 planum,
314 988 393 1069 apud
407 988 569 1047 Varronem
583 986 621 1046 de
635 987 670 1045 L.
685 987 722 1046 L.
736 986 790 1048 Vl.
802 1006 835 1066 p.
848 989 898 1051 70.

186 1124 276 1180 divom
288 1135 351 1180 exta
363 1132 450 1190 cante,
461 1121 550 1178 divom
562 1121 607 1178 dio
619 1121 737 1194 supplice
748 1132 836 1180 cante.
876 1110 880 1115 ’

114 1248 180 1309 Dio
194 1247 295 1326 scripsi
309 1267 362 1327 pro
376 1248 437 1309 deo.
482 1246 573 1306 Cuntc
593 1265 646 1325 pro
666 1246 759 1306 canite
778 1245 890 1306 dictum
911 1246 1000 1308 docet
1019 1246 1125 1313 Varro.
1165 1251 1248 1314 Reli·

115 1347 178 1406 qua
192 1329 251 1388 duo
265 1329 380 1408 gravius
395 1336 532 1406 corrupta
545 1337 623 1400 sunt,
638 1346 724 1407 quam
739 1337 773 1385 ut
786 1327 848 1388 sine
862 1328 1029 1390 melioribus
1042 1331 1122 1392 libris
1132 1334 1247 1396 restitui

116 1410 241 1487 possint,
283 1411 389 1489 Neque
404 1409 482 1469 enim
503 1419 584 1468 recte
604 1411 683 1480 satis,
707 1409 822 1492 opinor,
844 1429 945 1470 omnes
969 1424 1091 1474 conatus
1108 1414 1247 1478 retundat

114 1489 221 1570 aliquis
235 1492 285 1552 illo
299 1490 427 1565 Horatii,
442 1490 536 1570 Epist.
550 1490 591 1549 ΙΙ.
609 1497 635 1565 1,
647 1495 697 1552 85.

185 1627 241 1697 jam
255 1626 354 1682 Saliare
366 1628 462 1681 Numa
475 1643 580 1682 carmen
592 1626 639 1698 qui
649 1625 749 1692 laudat,
760 1636 789 1681 et
800 1626 876 1693 illud,

187 1698 261 1768 quod
273 1715 377 1753 mecum
388 1699 501 1768 ignorat,
512 1697 585 1753 solus
596 1698 655 1753 vult
667 1697 734 1753 scire
744 1697 837 1766 rideri,

112 1810 167 1860 aut
181 1799 245 1858 aliis
262 1800 402 1859 similibus
422 1800 543 1859 aliorum
567 1799 662 1872 dictis,
685 1800 754 1858 dum
775 1799 907 1859 modeste
928 1811 958 1860 et
978 1802 1123 1880 pudenter
1143 1807 1182 1866 de
1201 1805 1247 1868 his

115 1883 206 1941 rebus
219 1881 394 1961 disputetur,
408 1894 442 1940 ut
462 1882 574 1941 factum
596 1893 640 1940 est
663 1881 699 1940 ab
717 1882 781 1940 Jos.
806 1881 956 1959 Scaligero
977 1882 1015 1941 ad
1036 1884 1119 1945 Varr.
1134 1907 1163 1966 p.
1182 1893 1249 1950 116.

115 1962 217 2023 Multa
230 1964 308 2023 enim
321 1974 389 2022 sunt
402 1963 431 2020 in
445 1962 610 2043 hujusmodi
627 1963 724 2034 rebus,
740 1980 805 2039 qnae
819 1962 856 2021 ab
871 1963 964 2034 nobis,
978 1964 1049 2025 licet
1061 1978 1092 2025 et
1105 1970 1245 2048 temporis

114 2044 230 2122 ingenti
243 2044 337 2125 spatio
351 2045 514 2125 interjecto,
526 2058 557 2104 et
570 2043 680 2102 amissis
691 2043 835 2123 plerisque
846 2043 996 2123 praesidiis,
1007 2047 1110 2106 melius
1120 2050 1243 2113 rectius·

113 2144 174 2206 que
199 2126 421 2206 perspiciantur,
446 2133 532 2204 quam
557 2127 594 2185 ab
622 2125 690 2204 ipsis
715 2126 873 2199 Romanis:
903 2129 985 2207 cujus
1013 2128 1055 2187 rei
1079 2126 1189 2191 caussae
1212 2132 1244 2195 iu

112 2218 251 2288 promptu
266 2219 343 2267 sunt.
386 2209 522 2267 Alterum
536 2207 661 2278 illorum,
676 2227 748 2285 quos
762 2206 824 2265 dixi
836 2206 980 2281 locorum,
991 2210 1041 2288 qui
1054 2223 1151 2272 exstat
1165 2214 1245 2292 apud

113 2290 278 2350 Varronem
291 2289 394 2351 eadem
407 2289 523 2368 pagina,
545 2288 698 2349 restituere
719 2298 842 2348 conatus
863 2300 907 2349 est
927 2289 1058 2370 Scaliger
1071 2290 1100 2351 in¹
1116 2295 1243 2372 Conjec·

113 2369 210 2433 taneio
223 2391 252 2450 p.
268 2376 335 2432 189.
350 2370 379 2429 in
400 2370 497 2442 tertio,
521 2390 608 2449 quem
628 2371 753 2447 serravit
775 2370 901 2431 Scaurus
923 2370 959 2429 de
982 2372 1188 2455 orthographia
1211 2397 1242 2456 p.
1272 2383 1275 2389 '

111 2456 205 2515 anot.
220 2450 275 2511 nisi
288 2453 336 2512 illa
350 2452 409 2511 duo
422 2453 586 2530 fragmenta
598 2464 677 2522 sunt,
692 2452 764 2510 nihil
777 2451 856 2510 aliud
870 2452 1002 2532 dispicio,
1016 2475 1103 2534 quam
1117 2456 1242 2519 mentio·

109 2554 180 2595 nem
194 2532 303 2593 factam
317 2553 379 2594 esse
394 2535 473 2592 urbis
488 2533 631 2594 Luceriae.

152 2622 182 2677 6.
207 2615 353 2674 Eximium
369 2627 399 2675 et
418 2615 502 2674 valde
522 2614 710 2674 memorabile
731 2615 898 2693 exemplum
918 2617 1032 2675 numeri
1053 2619 1181 2679 Saturnli
1202 2641 1242 2682 cx

110 2697 233 2775 antiquo
247 2708 436 2757 monumento
450 2699 480 2755 in
494 2697 591 2755 lucem
605 2696 748 2775 prolatum
764 2696 895 2755 continet
909 2696 983 2756 liber
997 2699 1130 2760 Caietaui
1148 2703 1243 2763 Mari·

109 2779 152 2838 nii
168 2778 272 2839 Romae
286 2797 312 2838 a.
329 2782 414 2843 1795.
430 2778 487 2838 hoc
501 2777 598 2837 indice
612 2777 718 2848 editus,
733 2775 778 2856 gli
791 2777 847 2836 atti
859 2799 875 2837 e
888 2781 1060 2840 monumenti
1072 2783 1241 2862 dc’fiatella'

110 2859 217 2921 oracli.
248 2860 294 2919 lbi
309 2860 338 2918 in
352 2861 413 2919 tab.
427 2859 510 2921 XLI.
523 2860 626 2920 fratres
639 2858 750 2919 arvales
764 2857 902 2919 dicuntur
916 2879 983 2944 cum
994 2861 1123 2941 tripudio
1133 2865 1242 2941 inlraec

109 2942 202 3002 verba
215 2941 365 3016 cecinisse,
380 2957 436 3014 ter,
451 2953 483 3002 ut
496 2942 612 3001 solitum
628 2953 700 3014 erat,
715 2940 817 3000 eadem
839 2953 1014 3020 repetentes.
1057 2944 1168 3005 Ponam
1189 2967 1242 3008 au.

108 3035 171 3084 tem
186 3024 285 3094 verba,
300 3034 333 3082 ut
347 3024 426 3085 edita
439 3035 508 3082 sunt
522 3043 539 3082 a
553 3023 698 3084 Marinio:
720 3022 1243 3091 ENOSLASESIVVATEENOS

108 3103 1242 3171 LASESlVVATEENOSLASESIVVATENEVELVAERVEMAR

107 3184 1236 3264 MASINSlN·CVRRERElNPLEORESNEVELVERVEMARMA

108 3266 1232 3332 R....NSINCVRREREINPLEORISNEVELVERVEMARMARS

109 3346 1234 3412 ERSINCVRREREINPLEORISSATVR·FVREREMARSLIME
1287 3380 1291 3385 ·

109 3428 1237 3509 N....liS'l‘ABERBERSATVRAEVFEREMARSLlMliNSALLST¹

108 3510 1240 3575 ABERBER·SATVR·FVFERElllARSLIMENSALLSCABERBE

105 3591 1215 3656 R....VNlSALTERNEIADVOCAPlTCONCTOSSEMVNESAL

110 3672 1219 3736 TERNEIADVOCAPlTCONCTOSSIlllVNlSALTERNElADV

107 3757 268 3816 OCAPlT
271 3802 354 3820 ........
356 3754 1239 3829 OSENOSMARMORIVVATOENOSMARMORIV
1318 3762 1322 3769 '

108 3834 1210 3900 VATOENOSMARMOR=1vvnTOT1t1vnsPETRtVMPssTRIV

106 4034 294 4095 Laborarunt
309 4037 337 4094 in
352 4036 397 4094 bis
410 4037 540 4096 versibus
554 4035 734 4114 explicandis
749 4032 891 4095 Marinius
905 4043 935 4093 et
949 4031 1094 4098 Lanzius:
1115 4055 1153 4095 ex
1167 4057 1236 4099 nos-

107 4118 232 4176 tratibus
247 4118 470 4176 Grotefendium
492 4119 625 4180 audimus
646 4137 696 4178 eos
717 4117 939 4196 explanaturum
960 4135 1032 4175 esse.
1075 4117 1151 4179 Mihi
1165 4122 1237 4200 quid

106 4198 138 4256 in
149 4209 277 4259 mentem
292 4199 413 4281 venerit,
427 4219 485 4277 non
501 4199 613 4259 celabo.
654 4199 775 4258 Omissis
786 4198 1006 4277 repetitionibus
1017 4217 1135 4262 carmen
1145 4202 1241 4274 istut,

105 4290 223 4340 servata
237 4276 380 4360 scriptura
393 4281 507 4365 lapidis⁸
520 4281 635 4359 qualem
646 4281 822 4360 accepimus,
837 4278 878 4338 ita
892 4280 1085 4342 constituam:
