2694 4866
535 277 615 338 LIB.
633 276 657 335 1.
672 276 765 338 cAP.
780 276 833 339 Vl.

572 547 689 623 cau
716 498 794 623 v1.¹

396 743 447 793 DE
465 743 645 793 VERSIBUS
663 744 711 793 ET
730 742 967 794 SYSTEMATIS.

164 893 190 947 l.
220 888 347 946 Vsasus
374 905 513 946 numerus
535 897 579 946 est
601 906 640 946 ex
665 906 723 946 uno
745 886 790 946 vel
815 885 945 965 pluribus
969 886 1119 949 ordinibus
1141 891 1244 951 factus.

121 969 311 1030 Grammatici
333 987 435 1046 parum
447 968 511 1026 utili
524 966 684 1029 subtilitate
699 987 812 1028 versum
822 987 880 1027 nou
894 969 1080 1047 paucioribus
1094 990 1184 1049 quam
1194 975 1242 1032 tri·

119 1051 184 1123 bus,
198 1068 255 1109 nec
266 1049 397 1128 pluribus
406 1068 493 1128 quam
501 1049 577 1109 senis
585 1049 712 1130 syzygiis
725 1049 861 1109 concludi
875 1050 986 1111 volunt.
1007 1051 1142 1112 Minores
1154 1054 1243 1113 tribus

116 1132 244 1212 syzygiis
258 1142 368 1210 partes:
382 1131 406 1189 si
416 1132 537 1210 integrae
550 1132 609 1190 sint
619 1132 756 1211 syzygiae,
772 1137 846 1192 adua
857 1155 865 1198 ;
878 1131 923 1189 ain
933 1131 1037 1205 minua,
1052 1134 1181 1211 alppm
1188 1134 1243 1195 dici

117 1215 228 1273 volunt.
271 1215 455 1292 Quamquam
469 1213 587 1272 minime
601 1213 630 1270 in
650 1214 708 1272 hoc
728 1232 784 1273 usu
804 1213 859 1272 sibi
873 1224 1017 1275 constant.
1059 1214 1136 1274 Vide
1150 1216 1188 1276 de
1201 1217 1243 1276 bia

117 1297 206 1355 rebus
222 1294 461 1374 Hephaestionem
474 1314 505 1374 p.
522 1300 572 1356 65.
586 1305 617 1355 et
638 1294 767 1353 Marium
782 1294 966 1355 Victorinum
980 1315 1008 1375 p.
1019 1299 1109 1360 atat.
1122 1314 1186 1376 seq.

159 1382 186 1435 2-
219 1375 340 1435 Numeri
365 1379 507 1456 cujusque
528 1395 629 1436 versus
653 1376 784 1436 continui
807 1388 885 1435 suut.
926 1377 1031 1454 ltaque
1053 1394 1113 1435 non
1135 1378 1242 1439 debent

118 1457 251 1537 impediri
266 1458 299 1517 iis
313 1458 410 1531 rebus,
431 1477 497 1536 quae
510 1458 722 1518 continuationi
734 1459 866 1518 obstant:
885 1477 950 1536 quae
963 1477 1010 1517 rea
1022 1458 1126 1538 positae
1135 1471 1204 1520 sunt
1213 1460 1241 1518 in

117 1540 210 1610 hiatu,
232 1550 263 1597 et
276 1539 387 1617 syllaba
399 1539 536 1618 ancipite.
559 1539 714 1618 dequibus
729 1539 803 1597 infra
811 1537 935 1598 dicetur.

159 1627 188 1680 3.
211 1620 406 1699 Excipiuntur
420 1640 437 1679 a
451 1621 646 1698 grammaticis
660 1640 759 1679 versus
773 1638 1002 1689 seruantem
1020 1619 1070 1697 qui
1079 1620 1197 1699 quidem
1206 1622 1238 1693 si,

119 1713 152 1760 ut
165 1702 205 1760 illi
227 1701 335 1767 volunt,
356 1720 459 1760 versus
480 1713 577 1762 esseut
600 1720 640 1761 ex
660 1700 772 1760 duabus
793 1702 838 1761 vel
864 1701 993 1780 pluribus
1011 1701 1144 1779 partibus
1166 1702 1242 1763 nulla

117 1803 304 1841 numerorum
330 1783 522 1842 continuitate
543 1784 654 1861 junctis
678 1783 757 1853 facti,
787 1782 895 1842 rectius
920 1780 1024 1841 diversi
1050 1794 1153 1845 versus
1179 1804 1240 1845 esse

117 1864 295 1935 dicerentur,
316 1864 470 1923 scribendo
494 1875 607 1923 tantum
624 1865 654 1922 in
671 1884 760 1923 unum
782 1863 941 1944 conjuncti.
983 1866 1087 1942 Itaque
1111 1867 1130 1923 ii
1140 1865 1239 1945 ,potius

116 1964 216 2005 versus
231 1944 353 2004 vocandi
368 1957 435 2004 sunt
449 1963 674 2016 astusartus,
696 1946 724 2002 in
740 1944 844 2023 quibus
857 1963 947 2023 quum
966 1945 1054 2003 verba
1068 1948 1238 2007 continuen-

116 2037 173 2098 tur,
196 2047 253 2085 non
276 2026 462 2085 continuatur
490 2039 587 2088 tamen
601 2046 748 2098 numerus,
771 2026 894 2105 ideoque
909 2038 939 2084 et
959 2025 1053 2084 hiatui
1073 2028 1239 2108 et'syllabae

115 2109 234 2188 ancipiti
244 2109 326 2167 locus
340 2109 521 2170 conceditur.

156 2196 185 2251 4.
207 2192 315 2250 Versus
333 2209 668 2251 eonrscuauanrsros
682 2188 862 2268 grammatici
877 2198 993 2260 vocant,
1014 2186 1064 2267 qui
1083 2189 1182 2269 plures
1199 2189 1239 2247 di·
1280 2248 1283 2267 ⁴

116 2284 213 2331 versaa
233 2291 419 2331 numerorum
438 2273 546 2332 formas
566 2272 730 2332 admittant.
773 2270 832 2331 Sed
851 2288 888 2329 ea
899 2269 1095 2348 appellatione
1108 2269 1151 2329 illi
1164 2288 1238 2350 saepe
1281 2282 1283 2287 ’

116 2372 268 2432 perperam
283 2352 327 2411 usi
341 2366 418 2414 sunt.
446 2357 546 2419 Quum
555 2354 633 2413 euim
644 2372 704 2412 non
718 2371 854 2413 numeros
862 2370 1009 2422 uersuum,
1034 2352 1239 2419 seductionem

116 2434 300 2512 syzygiarum
324 2434 361 2492 ab
375 2454 406 2492 se
420 2435 642 2493 constitutarum
664 2434 851 2511 respicerent,
873 2453 932 2492 non
946 2452 1021 2503 raro,
1043 2433 1095 2512 qui
1107 2432 1237 2493 dirersis-

116 2515 181 2574 simi
202 2533 301 2573 versus
318 2526 396 2586 sunt,
411 2514 463 2572 visi
477 2515 510 2573 iis
524 2526 593 2573 sunt
604 2534 693 2572 unum
707 2534 798 2592 genus
807 2534 880 2586 esse,
901 2515 1024 2573 licenter
1035 2514 1065 2572 in
1078 2515 1171 2575 varias
1184 2516 1239 2575 for·

117 2614 178 2654 mas
203 2606 357 2655 mutatum.
400 2599 478 2675 Apte
505 2596 530 2654 si
553 2608 888 2655 uotus'cnsuasrssns
911 2595 1010 2655 dicere
1031 2594 1177 2669 volmnus,
1200 2595 1239 2653 illi

117 2696 217 2735 versus
227 2678 407 2756 intelligendi
418 2689 494 2745 sunt,
501 2677 551 2757 qui
562 2692 600 2736 ex
609 2697 793 2738 numerorum
802 2677 1025 2756 transpositione
1034 2677 1128 2737 varias
1137 2678 1239 2737 formas

115 2757 234 2830 habent,
250 2759 399 2838 dequibus
419 2759 449 2815 in
463 2779 623 2838 praegresso
637 2759 733 2838 capite
743 2760 854 2820 dictum
868 2769 923 2818 est.
1145 2828 1148 2833 ,

156 2845 185 2900 5.
205 2841 294 2924 Margo
307 2841 367 2901 κατ’
379 2841 546 2902 irroratum
563 2845 647 2911 μικταὶ
664 2840 889 2919 agrammallcls
910 2850 1062 2911 vocantur,
1086 2839 1116 2897 ln
1136 2839 1238 2920 qulbus

116 2922 240 3001 oppositi
254 2923 353 3001 pedes,
375 2934 408 2981 ut
427 2922 514 2981 iambi
528 2934 558 2981 et
572 2923 692 2982 trochaei
707 2922 857 3001 conjuncti
870 2933 948 2981 sunt.
990 2921 1188 3001 Hacquoque
1200 2920 1239 2979 illi

115 3002 309 3081 appellatione
332 3022 391 3063 uon
414 3003 484 3062 satis
506 3014 575 3082 apte
599 3014 731 3062 utuntur.
773 3004 857 3082 Saepe
877 3003 955 3062 enim
975 3004 1000 3061 si
1013 3021 1161 3076 numerus,
1180 3021 1239 3062 non

113 3085 248 3164 syzygias
268 3104 286 3144 a
309 3085 504 3163 grammaticis
521 3086 703 3147 introductas
723 3085 869 3164 respicias,
890 3084 970 3143 nulla
992 3083 1079 3162 plane
1099 3094 1146 3142 est
1169 3084 1239 3147 einr·

112 3165 224 3227 adana.

154 3253 182 3308 6.
205 3248 368 3306 Casurus
389 3245 432 3305 sic
453 3245 621 3321 dividuntur
639 3267 656 3306 a
676 3245 882 3325 grammaticis,
903 3256 937 3304 ut
957 3264 993 3305 ea
1006 3257 1056 3305 aut
1069 3249 1139 3306 nard
1153 3236 1240 3325 nr‘ygu

113 3328 222 3406 scripta
235 3327 343 3400 dicant,
364 3328 508 3405 inquibus
523 3348 597 3388 uuus
607 3349 722 3408 semper
738 3347 837 3387 versus
850 3328 1003 3407 repetitur,
1023 3338 1074 3386 aut
1095 3332 1166 3388 ansel
1180 3328 1239 3389 aar·

113 3437 192 3487 rapa,
207 3410 236 3466 in
247 3409 352 3489 quibus
363 3408 460 3487 plures
473 3428 573 3468 versus
587 3421 681 3469 totum
697 3410 833 3488 quiddam
850 3408 989 3482 efficiunt,
1010 3408 1090 3487 quod
1100 3408 1148 3469 vel
1157 3427 1240 3488 repe·

113 3502 202 3564 tatur,
232 3490 278 3550 vel
297 3490 384 3549 etiam
408 3509 467 3548 non
489 3502 652 3569 repetatur3
675 3502 725 3549 aut
743 3495 826 3567 purat
845 3495 932 3564 parad
954 3508 1027 3560 esse,
1049 3504 1116 3569 quae
1134 3490 1240 3569 partim

110 3579 181 3635 usal
192 3576 288 3653 artigas,
310 3571 415 3651 partlm
424 3576 496 3633 sard
510 3574 628 3644 σύστημα
641 3571 719 3631 facta
731 3571 803 3641 slnt3
823 3584 874 3631 aut
887 3577 956 3633 κοιναὶ
969 3570 1067 3646 patrari,
1083 3590 1150 3650 quoe
1157 3588 1240 3651 aeqtte

111 3661 183 3716 aare
197 3661 284 3732 στίχον
299 3665 331 3714 ut
344 3658 416 3714 aral
429 3657 548 3732 rimport
561 3653 701 3732 distingui
711 3653 831 3733 possint.

152 3739 181 3799 7.
204 3740 400 3815 Systematum
418 3736 531 3795 faciunt
544 3755 651 3814 genera
664 3754 728 3794 sex.

152 3819 177 3875 Ι.
200 3822 277 3878 Κατὰ
291 3819 385 3895 σχίσιν,
406 3818 436 3875 iu
451 3817 555 3895 quibus
568 3816 646 3877 idem
660 3828 787 3896 systema
800 3814 955 3895 repetitum
970 3825 1023 3875 est.
1065 3812 1143 3875 Haec
1158 3826 1228 3874 sunt

154 3902 181 3957 1.
201 3902 395 3979 competat,
416 3898 446 3953 in
467 3898 571 3975 quibus
591 3899 668 3957 idem
690 3910 817 3977 systema
841 3896 980 3956 contiuuo
1005 3894 1163 3975 repetitum
1183 3904 1238 3969 est,

112 3977 191 4057 quod
210 3978 313 4037 litteris
327 3980 370 4039 ita
381 3978 551 4050 indicamus,
575 3981 677 4038 AAA.
719 3982 817 4044 Quum
831 3977 875 4036 bis
890 3989 1002 4037 tantum
1017 3977 1094 4036 idem
1110 3988 1238 4056 systema

110 4059 237 4140 positum
251 4071 304 4130 est,
326 4079 443 4120 carmen
453 4061 780 4142 vocaturdnmgopmlr,
796 4073 828 4118 ut
845 4062 915 4120 AA.
957 4058 1002 4117 Eo
1013 4057 1141 4138 pertinet
1150 4058 1238 4117 etiam

110 4142 140 4200 in
154 4139 285 4218 parabasi
304 4142 480 4200 comicorum
506 4143 627 4223 ἰπίρῥημιι
649 4152 679 4199 et
699 4143 879 4222 ἅπιπίρῥημα,
899 4140 1015 4220 dequo
1041 4139 1236 4218 Hephaestion

54 4300 60 4305 .
110 4245 138 4305 p.
153 4225 200 4285 71.
218 4219 304 4302 (131.
318 4223 396 4303 seq.)
421 4222 470 4281 ubi
489 4241 517 4281 v.
539 4221 745 4291 Gaisfordium,
771 4241 836 4298 quae
856 4233 953 4300 partes
974 4232 1008 4280 ut
1025 4221 1182 4299 plurimum
1196 4239 1235 4279 ex

112 4306 193 4369 XVI.
204 4302 332 4361 versibus
347 4305 526 4363 constabant.

148 4392 183 4448 2.
197 4382 306 4462 inpleat
319 4384 420 4445 latiore
438 4383 611 4463 significatu,
634 4383 779 4463 inquibus
792 4383 828 4442 ad
842 4382 927 4461 plura
939 4381 1062 4461 aequalia
1074 4392 1236 4462 systemata
