2694 4866
112 306 172 366 toa
462 303 543 367 ΗΒ.
562 304 620 365 ΙΙΙ.
641 305 733 368 CAP.
754 304 870 368 XVIII.

192 468 312 546 ’Υψιλῖι
324 476 413 554 sigeriis
425 506 448 520 -
459 478 505 534 ui
517 472 642 547 ηιφίνυν
655 475 694 537 aiu
706 512 729 527 -
739 480 781 537 sii
793 475 904 549 γλυκὺ,

194 555 241 611 riis
256 555 406 632 Odami'p,
420 555 540 617 ’anund
552 558 676 639 θῦγιπς,

234 631 328 714 “iiii
338 642 447 706 ‘mnf’

193 712 406 790 impendendis
416 716 439 774 τ’
453 716 549 784 siurim
562 713 641 790 xciv,

235 796 350 874 aaipdf
363 821 390 856 τι
401 795 479 879 deige-

115 923 155 983 tt
171 923 256 985 Nem.
269 924 323 984 IV.

186 1040 304 1123 ’Δςιηος
318 1041 453 1124 eidemin
464 1078 487 1092 -
498 1043 574 1104 aee'sur
586 1043 727 1126 negenite!

193 1126 286 1204 impie·
299 1126 328 1182 αι’
340 1121 366 1182 di
378 1129 457 1196 σοφαὶ

194 1209 293 1263 Muri»
305 1205 431 1286 θῦγατςκ
444 1202 529 1266 ae’etdd

233 1285 327 1357 bintae
338 1311 371 1348 nr
384 1285 532 1362 inim·

193 1361 247 1425 odii
258 1367 346 1446 Simia
359 1363 423 1445 ἶν’)υς
437 1366 507 1426 so'eer
520 1391 550 1439 γι
560 1366 694 1443 μᾶλθαα
705 1366 789 1442 simu

193 1451 271 1519 γυῖα,
282 1446 368 1507 siner
381 1451 483 1519 timia
496 1448 621 1528 00¹(qu
634 1449 760 1532 moleges.

194 1531 262 1606 {ipsa
274 1521 298 1584 δ’
311 1525 441 1607 ὅςγμᾶτοι
454 1530 606 1609 menduces
620 1530 732 1602 βιηιῦιι,

195 1605 209 1665 ‘e'
221 1633 246 1664 τι
258 1630 287 1664 ιι
298 1607 342 1668 edi
355 1609 468 1690 Xaglrm
481 1612 554 1687 rim

194 1690 305 1759 γλῧπη
317 1695 398 1770 wit
411 1690 484 1764 iiim
495 1689 613 1762 βαθείᾳ.

533 1980 646 2056 CAP.
673 1979 824 2055 XVIII.

168 2206 219 2258 DI}
244 2203 496 2257 sTaoPHAaUm
521 2202 563 2258 IN
588 2206 751 2259 MEMBR'A
776 2207 847 2259 sUA
871 2202 1176 2260 marsicanam

156 2373 183 2428 1.
199 2369 393 2430 Accnmmos
413 2370 451 2429 ad
470 2389 530 2430 rem
550 2370 634 2431 valde
652 2348 830 2449 impeditam,
850 2388 916 2449 quoe
927 2370 983 2432 etsi
996 2370 1107 2450 regulis
1118 2368 1215 2460 qadim:

114 2449 181 2509 dam
204 2450 407 2529 comprehendi
427 2463 533 2530 potest,
549 2463 646 2512 tamen
666 2450 697 2510 in
716 2452 886 2531 quibusdam
903 2450 1081 2513 carminibus
1101 2472 1159 2513 non
1174 2447 1216 2508 n'u

112 2531 262 2610 paullatim
270 2543 301 2590 et
309 2532 400 2591 multo
408 2533 602 2612 diuturnoque
609 2534 708 2593 labore
717 2533 754 2591 ad
762 2536 899 2611 maJorem
908 2532 1016 2592 adduci
1023 2532 1216 2611 perfectionem

113 2612 231 2690 poterit.
273 2615 372 2679 Quum
386 2613 462 2672 enim
476 2614 505 2672 in
518 2614 580 2673 aliis
592 2614 691 2673 metris
704 2615 870 2692 ambiguum
883 2614 928 2683 sit,
944 2632 1019 2692 quoa
1033 2632 1168 2674 numeros
1178 2611 1217 2669 bt·

112 2694 213 2766 beant,
227 2692 283 2753 alia
296 2705 392 2754 autem
406 2715 444 2754 ex
458 2695 562 2775 quibus
581 2696 709 2775 partibus
729 2707 872 2765 constent,
893 2712 952 2753 non
965 2693 1037 2753 satis
1050 2696 1218 2777 explorem

112 2776 167 2836 sit:
189 2795 248 2835 non
262 2786 306 2834 est
319 2777 433 2849 mirum,
447 2777 476 2835 in
489 2777 617 2836 versibus
637 2775 817 2855 stropharum
837 2774 1023 2854 disponendis
1035 2775 1109 2835 aiios
1121 2775 1175 2836 alio
1185 2773 1219 2831 iu·

113 2856 234 2929 clinare,
247 2876 369 2936 quorum
390 2855 533 2917 dissensus
556 2876 631 2936 saepe
645 2857 724 2916 nullo
738 2868 833 2936 pacto,
849 2867 880 2914 ut
893 2874 972 2915 nunc
985 2856 1108 2941 quidem
1126 2866 1219 2915 metro·

113 2955 178 2995 rum
192 2937 312 2996 scientia
332 2949 498 3015 comparata
519 2949 572 3010 est,
595 2939 728 3017 componi
742 2940 881 3016 certoque
890 2935 1002 3017 judicio
1014 2936 1115 2998 dirimi
1127 2943 1218 3017 potat

114 3020 150 3079 In
165 3036 222 3095 quo
236 3035 344 3095 genere
356 3017 419 3077 haec
440 3018 498 3078 duo
518 3019 644 3077 maxime
663 3018 779 3093 vitanda
791 3029 869 3089 sunt,
882 3036 1033 3091 unum,ne
1049 3018 1115 3098 quis
1127 3031 1220 3079 temen

113 3117 231 3160 sensum
244 3116 327 3158 suum
341 3111 488 3176 sequatur,
508 3099 666 3179 prasertim
688 3119 746 3159 non
761 3100 851 3159 multa
871 3097 1063 3178 diligentique
1077 3106 1219 3159 metrorum

114 3179 357 3261 pervestigatione
372 3181 563 3241 exercitatum
577 3192 665 3260 atque
679 3181 845 3248 excultum
865 3179 981 3252 deinde,
994 3198 1034 3238 ne
1048 3180 1163 3259 regulas
1180 3195 1220 3237 aur

114 3263 186 3335 diat,
201 3263 305 3322 idoneo
318 3260 506 3323 fundamento
519 3263 682 3336 destitutas,
695 3262 794 3341 quales
808 3282 846 3322 ex
859 3280 960 3338 parum
980 3262 1128 3321 accuratis
1137 3261 1220 3320 obser·

114 3345 286 3412 rationibus,
302 3343 347 3402 vel
361 3363 400 3403 ex
414 3345 558 3404 erroribus
571 3356 710 3415 veterum,
721 3343 767 3403 vel
781 3362 818 3403 ex
829 3341 1011 3421 opinionibus
1025 3341 1170 3402 clarorum
1181 3341 1221 3398 bo·

114 3427 223 3485 minum
238 3436 418 3503 promanant.
460 3425 499 3485 Et
512 3425 569 3485 hoc
583 3424 800 3503 quidem,tpuod
812 3434 988 3502 postremum
1002 3417 1220 3489 commemorari,

114 3508 229 3566 illorum
243 3505 421 3584 potissimum
435 3525 537 3566 caussa
549 3505 620 3577 dixi,
636 3507 684 3585 qui
699 3507 828 3565 Porsono
841 3515 971 3573 auctore,
980 3503 1045 3562 viro
1059 3503 1219 3568 doctissima

114 3586 167 3648 sed
181 3589 223 3647 rei
238 3587 365 3645 metricae
378 3606 437 3646 non
447 3587 526 3648 ultra
538 3587 686 3646 notissima
699 3597 791 3646 metra
810 3586 915 3664 perito,
935 3583 1005 3642 nihii
1025 3585 1109 3663 prius
1128 3582 1178 3643 sibi
1196 3599 1219 3640 a·

112 3669 241 3748 gendum
262 3679 376 3746 putant,
398 3687 483 3746 quam
508 3680 540 3728 ut
559 3688 668 3740 versus,
689 3668 712 3727 si
726 3668 787 3726 fieri
802 3667 899 3745 possit,
921 3682 1021 3724 ornnes
1046 3666 1087 3725 ad
1107 3662 1219 3727 ennom

113 3750 199 3810 metri
213 3749 334 3808 formam
350 3749 495 3826 redigant:
517 3751 594 3829 quod
606 3768 691 3829 quam
700 3766 865 3826 perversum
879 3744 927 3818 sit,
936 3756 968 3805 et
980 3764 1072 3825 supra
1083 3768 1112 3825 p.
1125 3749 1218 3809 natet

113 3831 182 3888 oiim
197 3830 226 3887 in
239 3830 408 3908 praefatione
422 3831 457 3889 ad
473 3832 627 3890 Hecubam
647 3851 677 3910 p.
697 3836 746 3896 70.
765 3827 898 3887 indicavi.
938 3826 1016 3886 Nam
1031 3827 1088 3887 etsi
1102 3828 1173 3887 bona
1183 3830 1217 3883 esi

112 3912 236 3970 Porsoni
250 3909 417 3982 admonitio,
432 3912 591 3970 curandum
605 3930 678 3984 esse,
692 3922 726 3970 ut
739 3911 841 3969 eadem
860 3907 945 3967 metri
957 3912 1073 3987 species
1086 3927 1166 3989 quam
1177 3920 1217 3964 se·

111 3992 228 4070 pissime
242 4003 383 4063 recurrat,
397 4005 494 4050 tamen
515 4011 610 4070 neque
624 3993 685 4071 ipse
699 3993 844 4050 Porsonus
864 3989 932 4050 setis
946 4001 1034 4048 caute
1049 4008 1086 4049 ea
1102 4007 1165 4049 uam
1175 3992 1217 4051 fib

112 4085 143 4131 et
157 4072 315 4132 imitatores
329 4078 401 4154 ejus,
416 4083 448 4130 ut
462 4072 565 4142 soient,
588 4074 637 4150 qui
657 4072 712 4132 toti
734 4091 771 4131 ex
792 4066 885 4130 alicho
907 4089 957 4129 ore
981 4070 1122 4149 pendent,
1141 4064 1216 4128 multo

111 4153 227 4230 gravius
242 4152 270 4208 in
284 4153 341 4212 hoc
355 4173 463 4231 genere
476 4152 646 4230 peccarunt.

154 4240 183 4294 2.
208 4232 267 4298 Qui
281 4254 378 4293 versus
392 4233 553 4312 strophicos
567 4246 647 4293 recte
661 4233 813 4312 disponere
825 4232 937 4303 volunt,
951 4242 1020 4290 aute
1034 4231 1132 4291 omnia
1141 4224 1219 4312 vitm

111 4315 229 4389 debent,
245 4333 282 4375 au
296 4315 326 4374 iu
339 4316 377 4376 iia
387 4332 477 4383 nora
492 4313 630 4397 aliquast
644 4331 790 4377 usrnnrn
805 4320 921 4376 marna
941 4313 1132 4394 reperiantur.
1166 4306 1218 4367 Vtss

721 4478 738 4522 ὅ
