2694 4866
39 289 49 304 ‘
126 278 187 339 236
478 272 558 335 LIB.
570 274 621 334 .11.
644 273 736 336 CAP.
757 274 888 338 XXXII.

126 436 211 506 Vide,
234 454 299 516 quoe
312 435 449 497 adnotavi
462 437 500 497 ad
515 437 639 497 Aristot.
653 438 690 498 de
710 449 772 498 arte
794 441 875 520 poe't.
895 459 924 518 p.
952 443 1021 505 tta
1043 457 1127 521 seqq·
1170 443 1241 525 sape

125 529 222 589 tamen
238 519 379 579 dialectus
393 519 481 585 etiam
494 519 525 578 in
538 519 658 597 singulis
671 520 793 581 vocibus
805 532 944 595 mutatur,
964 534 1053 601 prout
1065 525 1192 605 aoeurgit
1205 527 1241 587 val

125 601 270 660 remissior
282 601 315 661 fit
330 601 434 661 oratio.

165 684 196 741 2.
217 683 428 763 Legitimorum
442 694 632 762 systematum
646 683 727 761 leges
740 683 893 765 plerasque
912 685 1041 745 breviter
1060 686 1240 767 distincteque

125 765 296 843 complexus
310 776 354 826 est
366 766 405 827 R.
420 767 567 827 Porsoous
581 765 610 823 in
624 765 705 842 praef.
720 769 757 827 ad
772 765 874 845 Eurip.
890 766 967 827 Hec.
979 788 1006 846 p
1019 774 1142 850 ideoq,
1150 788 1240 849 easque
1270 766 1272 773 ’

124 846 239 925 regulas
264 847 405 926 exemplis
426 844 580 907 illustravit
603 846 785 908 Gaisfordius
809 848 845 906 ad
871 848 1026 928 Hephmat.
1039 871 1070 929 p.
1084 854 1157 916 279.
1173 869 1240 931 seqq

23 930 35 953 ⁴
123 927 238 989 Primus
248 942 346 991 autem
359 929 395 990 R.
406 929 557 989 Bentleius
570 928 599 988 in
614 928 737 1007 epistola
750 929 788 989 ad
798 928 937 1002 Millium,
945 942 977 991 et
990 943 1097 1010 postea
1109 932 1140 993 ln
1151 933 1239 993 disset-

123 1010 233 1071 tatione
256 1012 293 1073 de
308 1011 473 1082 Phalaride,
495 1011 574 1090 quod
594 1021 663 1074 ante
675 1030 744 1071 eum
757 1031 844 1073 nemo
858 1013 1039 1085 observarat,
1058 1032 1206 1077 nummum
1217 1014 1239 1073 in

123 1091 168 1173 his
181 1093 345 1171 systematis
359 1092 534 1165 continuari,
555 1111 652 1170 neque
666 1111 787 1171 usquam
800 1093 919 1173 syllabae
931 1094 1053 1174 ancmiti
1066 1096 1165 1159 locum
1183 1114 1238 1158 cou-

123 1174 189 1233 cedi
202 1174 284 1234 vidit.
325 1177 421 1242 Quam
435 1174 531 1253 legem
545 1174 651 1234 deinde
665 1175 714 1233 alii
728 1194 913 1235 communem
924 1176 1055 1237 omnium
1065 1189 1238 1258 systematum

13 1275 18 1289 ·
122 1274 185 1314 esse
199 1256 418 1316 intellexerunt.
458 1257 598 1334 Magnam
614 1267 726 1334 partem
739 1257 887 1336 preclarae
899 1257 976 1319 illius
999 1257 1239 1320 demonstratoris

5 1374 7 1385 ·
122 1338 238 1415 repetiit
254 1337 480 1399 Gaisfordius-in
493 1336 730 1399 adnotationibus
743 1339 781 1401 ad
795 1338 1037 1434 Hephaestionem
1048 1360 1078 1421 p.
1091 1345 1160 1403 281.
1180 1341 1238 1411 Nos,

122 1417 192 1477 dum
206 1420 330 1499 singula,
351 1441 417 1501 quae
430 1422 466 1481 ab
480 1421 525 1480 his
547 1420 655 1481 tradita
677 1432 755 1493 sunt,
776 1422 904 1481 breviter
925 1421 1117 1503 attingemus,
1137 1418 1237 1505 augebi-

120 1518 186 1559 mus
200 1501 310 1567 eaaliis
324 1501 496 1582 quibusdam
510 1501 769 1563 observationdrus.
1087 1541 1090 1545 ›
1147 1523 1152 1529 ·

162 1587 201 1654 3.,
213 1583 262 1643 Ac
276 1584 368 1662 primo
388 1584 467 1664 quod
481 1583 518 1643 ad
533 1584 782 1645 continuationem
795 1583 910 1645 numeri
923 1583 1042 1658 attinet,
1062 1597 1173 1665 queret
1192 1578 1236 1663 tyl-

120 1664 216 1725 labam
230 1666 386 1746 ancipitem
400 1677 432 1726 et
444 1665 556 1727 hiatum
570 1684 588 1725 a
601 1664 660 1727 fine
673 1684 808 1725 versuum
822 1665 924 1728 abesae
938 1664 1091 1744 postulat,
1110 1664 1237 1729 verissim

120 1746 238 1826 quidem
253 1760 297 1808 est
311 1747 436 1809 Bentleii
456 1745 629 1818 observatio,
650 1747 702 1809 sed
721 1746 918 1809 concedendae
937 1758 1036 1823 tamen
1055 1748 1185 1826 quadam
1196 1765 1235 1807 er·

121 1829 270 1908 ceptiones
293 1840 372 1890 sunt.
413 1829 462 1890 De
485 1828 521 1889 iis
543 1828 686 1889 monitum
711 1840 755 1889 est
779 1847 797 1888 a
821 1828 952 1889 Seidlero
975 1829 1005 1888 in
1025 1828 1104 1889 libro
1117 1828 1234 1893 devera.

120 1909 237 1973 dochm.
250 1933 280 1991 p.
304 1917 353 1975 80.
375 1913 430 1972 etsi
443 1931 504 1971 non
518 1911 624 1981 omnia,
646 1930 711 1991 quae
725 1909 774 1971 hic
787 1910 896 1984 attulit,
916 1908 1054 1993 exempla
1066 1910 1137 1973 satis
1151 1910 1234 1971 idonea

115 2008 183 2053 ¹esse
207 2006 289 2073 puto.
340 1993 514 2057 Tenendum
539 2004 583 2053 est
608 1992 658 2066 ita,
684 1992 823 2071 syllabam
847 1991 963 2075 quidem
988 1991 1147 2075 ancipitem
1166 1992 1233 2073 plaut

119 2075 268 2134 exclusam
282 2074 318 2135 ab
332 2071 377 2135 bis
391 2073 544 2154 anapaestis
554 2093 628 2143 esse,
650 2072 729 2132 unde
743 2092 900 2152 numquam
916 2072 1052 2133 Creticus
1066 2094 1121 2154 pro
1136 2070 1232 2166 dactylo

118 2154 289 2228 inducent,
310 2159 361 2218 sed
376 2158 406 2216 in
420 2157 496 2236 pede
510 2166 656 2236 anapesto
671 2165 779 2227 tamen,
801 2155 850 2233 qui
865 2174 980 2214 versum
990 2155 1066 2226 finit,
1082 2157 1231 2237 producto·

119 2257 186 2297 nem
199 2239 295 2298 brevis
309 2241 427 2319 syllabae
449 2236 852 2319 quibusdamcortditionibur
865 2230 1035 2296 concessam
1049 2236 1152 2297 videri
1188 2233 1231 2321 lia
1271 2232 1272 2246 ¹

118 2320 311 2395 conditiones,
333 2339 408 2399 qnae'
423 2321 508 2383 simul
528 2319 616 2381 etiam
641 2319 805 2393 adhiatum
816 2317 975 2398 pertinent,
997 2318 1231 2391 continenturex·
1271 2385 1272 2393 χ

117 2401 303 2473 clamatione,
324 2402 534 2483 alloquutiona,
556 2401 718 2475 mutatione
741 2418 895 2485 persona,
914 2399 977 2465 fine
996 2401 1160 2465 santerna.
1194 2396 1230 2459 lle
1270 2403 1272 2433 ³

117 2482 331 2545 exclamatione
345 2502 392 2545 res
405 2484 474 2545 satis
487 2493 559 2546 not-a
571 2493 627 2547 est.
669 2481 827 2562 AEnchylus
841 2481 872 2543 in
886 2483 997 2561 Agam.
1013 2486 1104 2547 1546.

198 2601 285 2671 rapa,
307 2607 356 2673 aa,
377 2598 563 2679 .19ιμ”ὲδεξα.

72 2770 76 2777 ,
113 2706 488 2858 ¹&llllorpgt‘r'tionislidoneum
502 2727 575 2799 puto
588 2712 847 2797 exemplumesse,
868 2713 948 2797 quod
963 2710 1112 2776 Seidlerua
1125 2705 1226 2776 exOEd
1271 2778 1272 2785 q

143 2816 182 2857 o.
257 2809 388 2875 ,attu1t,
1271 2813 1272 2817 ’

196 2912 246 2984 r’r‘yt
257 2921 294 2973 its
306 2914 337 2974 αὖ
348 2941 391 2991 prr,
412 2922 472 2984 arri,

197 2993 225 3050 ἵν’
239 2989 269 3052 r'ir
284 2997 393 3064 εὐσεβίας
408 2997 581 3073 {mederisma

116 3117 150 3165 ut
165 3125 224 3165 non
238 3127 311 3187 opus
325 3110 462 3171 sitvoces
478 3119 514 3172 aba
528 3121 559 3170 et
573 3108 734 3171 naisedem
755 3126 837 3168 suam
857 3119 1034 3188 permutare.
1075 3109 1160 3168 Idem
1179 3119 1227 3164 oat·
1269 3144 1271 3151 ›

115 3207 182 3248 men
198 3190 237 3249 ob
251 3193 442 3254 mutationem
457 3209 588 3272 personae
601 3188 685 3271 plura
699 3203 728 3252 et
743 3190 862 3269 syllabae
876 3191 1009 3270 ancipitis
1023 3202 1054 3250 et
1075 3191 1170 3250 hiatus
1189 3200 1229 3246 ex·
1271 3240 1272 3251 ,

115 3271 211 3348 ampla
225 3273 365 3343 continet,
387 3285 421 3335 ut
434 3295 463 3333 v.
479 3279 547 3336 139.
566 3280 632 3335 143.
651 3275 717 3336 170.
741 3277 807 3338 173.
851 3273 989 3351 Denique
1009 3271 1075 3332 finis
1095 3265 1228 3333 senonia
1267 3302 1272 3343 ι,

115 3363 145 3412 et
159 3352 299 3432 syllabam
312 3356 469 3435 ancipitem
484 3355 621 3427 admittit,
639 3365 672 3415 ut
685 3354 715 3415 in
731 3354 858 3414 Hecuba
871 3375 899 3413 v.
914 3359 963 3416 82.

194 3466 264 3532 iares
275 3498 300 3531 τι
313 3471 365 3531 rior·

194 3549 245 3625 iiia
255 3579 280 3611 τι
293 3552 369 3631 μέλος
383 3558 465 3636 pergis
475 3559 583 3637 parentii,

60 3691 63 3694 ⁴
113 3693 143 3740 et
156 3680 278 3754 hiatum,
299 3696 332 3744 ut
347 3684 377 3744 in
392 3685 500 3762 rigam.
515 3689 585 3746 803.

192 3816 332 3891 ιῖγίλαστοι
342 3817 466 3898 agiam
479 3819 632 3899 βιαξὸμενοι.

193 3896 292 3967 lavard
307 3900 408 3974 slya-dir
417 3901 646 3983 agtssoeroysaipwr.
687 3959 691 3965 ,

113 4012 214 4090 Atque
228 4014 276 4073 hic
291 4017 407 4094 quidem
423 4015 514 4088 locus,
534 4016 558 4074 si
574 4015 645 4074 nihil
657 4015 720 4074 'vitii
729 4015 886 4089 contraxit,
901 4026 982 4074 recte
991 4014 1238 4077 tuebitnrh'annr

111 4093 141 4150 in
164 4105 320 4171 systemate
347 4097 486 4176 legitimo.
528 4097 634 4175 Neque
658 4098 736 4155 enim
759 4096 997 4156 dissimulandum
1021 4108 1076 4170 est,
1106 4099 1239 4179 pleraque

110 4175 210 4235 omnia
222 4174 361 4247 hiatunnn
384 4191 415 4238 et
429 4178 521 4256 magia
534 4179 621 4237 etiam
632 4181 783 4256 productae
797 4177 891 4238 brevis
901 4179 1020 4258 ayllabae
1033 4181 1173 4261 exempla
1183 4196 1239 4239 non

110 4254 141 4314 in
156 4257 199 4326 iis,
221 4276 287 4335 quae
300 4261 379 4319 omni
392 4281 430 4322 ex
445 4273 529 4340 parte
543 4260 672 4338 legitima
686 4273 843 4341 systemata
850 4259 951 4321 haberi
961 4273 1093 4341 possunt,
1109 4259 1239 4332 inveniri,

109 4339 163 4399 aed
177 4337 206 4397 in
220 4338 284 4408 illis,
306 4361 372 4420 quae
384 4344 428 4404 rel
445 4361 512 4403 oum
532 4341 714 4404 liberioribus
733 4342 886 4424 anapestis
900 4345 1061 4422 conjuncta
1081 4357 1165 4422 sunt,
1185 4343 1240 4417 vel,
