2694 4866
170 292 221 354 xa
343 352 349 364 ,
607 280 860 346 nanrcarro.

167 460 274 524 bebam
286 455 402 526 ademar
421 451 477 514 alia
489 460 588 512 autem
601 470 665 513 esse
677 463 760 532 puto,
774 471 840 532 quae
852 451 898 513 vel
911 452 1036 528 brevius,
1050 455 1096 516 vel
1109 453 1218 516 rectius
1232 457 1294 518 dici

152 556 335 640 ”pomerium
356 552 531 630 omninoque
550 550 643 630 magis
662 551 799 611 inchoata
818 551 923 624 omnia,
945 572 1031 632 quam
1049 553 1206 634 quidquam
1226 574 1295 635 per·

167 660 278 721 fectum
292 675 355 718 csse
368 655 508 734 intelligo.
537 652 575 712 ld
585 653 664 732 quod
673 652 820 733 precipue
833 653 864 712 in
877 673 913 714 ea
926 655 1015 729 cadit,
1029 676 1094 736 quse
1107 657 1145 718 de
1160 657 1294 718 Terentii

171 739 325 836 Plautique
338 755 437 815 metris
460 751 613 831 disputavi.
654 751 730 812 Nam
754 754 785 811 in
810 753 948 815 Terentio
972 754 1089 833 quidem
1113 756 1202 816 etiam
1226 769 1295 837 post

170 855 306 917 eximiam
319 853 397 913 illam
412 864 443 913 et
456 850 653 911 admirabilem
674 850 800 911 Bentleii
813 871 931 931 operam
946 872 1005 912 non
1018 872 1113 933 pauca
1125 865 1293 934 supersunt,

169 975 234 1037 quae
247 953 345 1014 multis
358 952 416 1011 sint
429 949 658 1010 dubitationibus
678 951 825 1011 obnoxia:
845 950 875 1009 in
896 952 1001 1031 quibus
1022 963 1119 1012 tamen
1139 953 1294 1033 aliquoties

168 1054 287 1134 egregie
307 1050 377 1110 mihi
397 1048 532 1109 subvenit
550 1048 719 1109 veterrimus
739 1049 845 1122 codex,
866 1053 950 1129 cujus
969 1062 1003 1110 tu
1024 1050 1104 1125 mihi,
1124 1051 1297 1124 Bliimnere,

169 1161 344 1232 potestatem
357 1147 462 1224 fecisti.
503 1145 603 1207 Multo
615 1158 714 1206 autem
726 1149 851 1225 majores
864 1147 894 1206 in
909 1147 1014 1208 Plauto
1033 1150 1206 1228 superandae
1224 1162 1301 1231 sunt·

93 1280 96 1291 ·
169 1250 363 1320 difficultates,
383 1266 442 1306 non
461 1247 556 1306 solum
575 1257 694 1325 propter
720 1265 854 1326 magnam
873 1247 1025 1327 scripturae
1048 1247 1295 1328 depravationem,

170 1368 237 1429 quae
250 1367 289 1408 ex
302 1358 385 1426 parte
405 1343 531 1424 antiquis
552 1344 723 1422 quibusdam
743 1345 956 1405 correctoribus
976 1345 1077 1405 deberi
1096 1346 1222 1419 videtur,
1243 1346 1296 1407 sed

64 1447 66 1453 ’
172 1446 261 1507 etiam
273 1455 393 1525 propter
405 1454 564 1503 metrorum
578 1444 679 1501 miram
693 1441 873 1515 varietatem,
887 1446 1074 1522 conjunctam
1089 1462 1156 1503 cum
1170 1444 1297 1506 incredi-

155 1607 157 1611 ,
170 1544 223 1605 bili
235 1543 353 1604 licentia
365 1540 516 1621 prosodiae.
559 1540 687 1602 Accedit
699 1541 738 1600 ad
750 1540 814 1601 haec
827 1540 916 1615 aliud,
941 1543 1021 1621 quod
1033 1563 1140 1602 novum
1154 1544 1297 1623 reperisse

173 1641 244 1702 mihi
257 1641 367 1711 videor,
381 1638 595 1719 antistrophicis
609 1658 692 1698 usum
705 1658 770 1699 esse
783 1639 934 1702 Plautum:
955 1660 1021 1720 quae
1041 1660 1087 1700 res
1107 1641 1162 1700 etsi
1176 1642 1214 1702 ad
1228 1661 1298 1702 con·
1313 1652 1315 1658 '

171 1741 319 1803 stitueuda
326 1750 420 1800 metra
429 1741 629 1818 adjumentum
638 1749 682 1798 et
693 1738 811 1799 minime
819 1738 1075 1813 contemnendum,
1084 1750 1192 1812 tamen,
1202 1740 1298 1802 donec

172 1843 318 1902 incertum
332 1839 397 1910 erit,
412 1856 563 1917 quousque
576 1856 745 1916 progressus
758 1837 795 1897 sit
809 1837 932 1898 Plautus
945 1840 974 1913 in
987 1839 1037 1899 illa
1049 1839 1173 1913 ratione,
1193 1839 1299 1899 mirum

174 1949 314 2021 quantum
328 1935 516 1996 dubitationis
530 1933 641 2013 objicit.
682 1935 769 2003 Quod
789 1935 814 1995 si
833 1936 903 2014 quid
916 1936 947 1994 in
960 1937 1018 1996 hoc
1031 1956 1139 2016 genere
1153 1937 1261 1997 rectius
1281 1956 1300 1998 a

173 2056 221 2097 me
235 2054 314 2095 nunc
328 2034 505 2114 explicatum
519 2045 574 2105 est,
592 2033 687 2093 debeo
706 2033 737 2093 id
757 2033 884 2093 maxima
903 2054 942 2094 ex
962 2045 1044 2114 parte
1064 2035 1300 2116 praestantissimo

173 2135 215 2195 illi
229 2131 335 2206 codici,
350 2151 435 2213 quem
450 2142 512 2192 ate
533 2131 674 2192 utendum
694 2132 806 2210 accepi.
845 2131 906 2198 Qui
926 2150 1026 2211 quum,
1048 2131 1078 2190 in
1099 2132 1303 2193 candidissima

172 2233 341 2294 membrana
361 2250 460 2291 omnes
491 2230 588 2291 Plauti
607 2230 720 2291 fabulas
739 2250 852 2291 summo
872 2231 967 2292 nitore
987 2232 1110 2312 scriptas
1137 2234 1300 2304 continens,

173 2352 250 2413 saepe
262 2331 300 2391 ab
314 2330 399 2391 editis
412 2329 502 2398 libris,
516 2349 733 2408 nonnumquam
747 2330 835 2389 etiam
848 2348 867 2388 a
880 2331 973 2391 MSS.
985 2331 1139 2411 discrepet,
1155 2331 1304 2412 duplicem

174 2431 245 2491 mihi
259 2447 342 2488 usum
356 2427 499 2506 prestitit,
514 2447 614 2499 unum,
635 2427 899 2506 quod-scripturam
913 2440 981 2489 ante
995 2429 1096 2490 oculos
1108 2431 1252 2490 habebam
1266 2433 1303 2492 ab

174 2529 319 2592 editorum
333 2526 540 2587 mutationibus
553 2544 684 2599 vacuam,
697 2526 936 2607 alterum-quod,
950 2529 1005 2589 etsi
1014 2528 1063 2589 hic
1077 2548 1193 2608 quoque
1207 2530 1305 2591 codex

174 2629 296 2690 fortasse
309 2645 369 2685 non
382 2624 516 2685 immunis
529 2635 574 2685 est
587 2625 624 2684 ab
638 2626 808 2686 recensione
821 2625 918 2708 aliqua
930 2628 1195 2706 grammaticorum,
1204 2639 1304 2690 tamen

175 2747 253 2808 saepe
267 2725 391 2804 optimas
404 2723 545 2784 lectiones
559 2742 618 2783 non
633 2722 720 2782 modo
741 2724 932 2799 confirmavit,
952 2725 1005 2785 sed
1025 2726 1113 2786 etiam
1136 2725 1247 2805 primus
1268 2745 1304 2786 ac

177 2826 255 2887 solus
268 2820 411 2884 exhibuit.
454 2822 515 2883 Sed
527 2822 574 2883 vel
586 2822 629 2882 sic
642 2833 741 2882 tamen
754 2824 900 2883 neminem
914 2823 964 2903 qui
978 2824 1113 2883 Plautum
1125 2824 1304 2897 tractaverit,

176 2924 290 2984 nescire
310 2922 444 2994 arbitror,
465 2939 553 3000 quarn
573 2920 660 2999 plena
679 2920 800 3000 periculi
823 2941 870 2984 res
893 2920 940 2996 sit,
962 2922 1036 2982 certi
1055 2921 1125 3001 quid
1145 2920 1183 2981 de
1203 2922 1305 2982 metris

177 3022 264 3104 hujus
288 3019 446 3099 scriptoris,
469 3018 628 3098 praesertim
652 3019 682 3077 in
707 3019 838 3092 canticis,
859 3020 1061 3099 pronunciare.
1102 3022 1169 3086 Quo
1197 3020 1304 3089 minus,

178 3140 245 3200 qua·
257 3120 295 3180 de
309 3116 406 3178 Plauti
420 3116 591 3196 quibusdam
604 3115 677 3177 locis
691 3117 842 3196 disputavi,
853 3117 896 3177 sic
909 3137 928 3178 a
941 3138 1086 3199 quoquam
1100 3119 1195 3199 accipi
1208 3120 1306 3192 velim,

178 3230 213 3278 ut
226 3236 262 3278 ea
274 3235 333 3276 non
347 3216 455 3275 rectius
467 3215 589 3275 fortasse
603 3215 741 3276 constitui
754 3235 842 3295 posse
854 3235 979 3296 sperem.
1021 3217 1089 3277 Non
1109 3217 1207 3277 minor
1220 3217 1306 3277 dubi·

179 3316 253 3377 tatio
266 3326 311 3376 est
324 3314 355 3373 in
368 3313 537 3392 fragmentis
551 3313 723 3373 Latinorum
736 3318 898 3394 poetarum,
919 3315 973 3376 sed
993 3335 1028 3377 ea
1047 3316 1109 3376 fere
1130 3335 1148 3377 a
1160 3316 1304 3377 brevitate

180 3432 281 3477 eorum
295 3412 462 3491 repetenda.
483 3411 572 3471 Inhis
582 3411 653 3470 mihi
663 3411 771 3470 auxilio
784 3412 867 3472 fuere
881 3410 1022 3473 Prisciani
1036 3424 1173 3492 quattuor
1188 3413 1307 3474 codices

178 3511 401 3584 membranacei,
415 3509 572 3589 exquibus
585 3520 618 3568 ut
631 3509 755 3568 duorum
769 3509 1036 3585 Zwiccaviensium,
1057 3512 1107 3591 qui
1120 3511 1307 3581 vetustissimi

180 3624 259 3685 sunt,
273 3610 447 3672 lectionibus
461 3610 504 3669 uti
516 3607 588 3667 mihi
601 3606 714 3680 liceret,
737 3607 906 3680 Goerenzii,
918 3609 972 3668 viri
985 3609 1155 3685 doctissimi,
1178 3611 1307 3672 amicitia
1332 3638 1335 3645 ·

179 3710 324 3791 providit:
345 3710 451 3770 alteros
464 3706 643 3768 bibliotheca
655 3717 755 3767 nostra
768 3707 901 3767 Paullina
912 3707 1051 3787 possidet,
1071 3729 1195 3790 quornm
1215 3730 1308 3770 unum

178 3808 395 3879 monasterio,
415 3805 518 3885 inquo
534 3807 602 3866 olim
615 3817 746 3867 servatus
766 3816 823 3880 est,
842 3805 948 3907 librum
969 3807 1010 3868 D.
1031 3808 1136 3870 Jacobi
1156 3808 1308 3889 appellavi.
1336 3796 1339 3807 '

75 3979 81 3985 ‚
180 3905 398 3987 Hephaestionis
418 3904 506 3963 etiam
533 3905 593 3963 duo
622 3905 739 3965 codices
766 3917 1008 3968 commemoratos
1035 3906 1157 3979 videbis,
1184 3908 1307 3969 alterum

179 4003 400 4090 Monacensem,
414 4003 498 4079 cujus
512 4000 653 4062 lectiones
666 4002 831 4062 Thierschii
845 4004 1036 4076 humanitate,
1050 4005 1100 4083 qui
1113 4026 1162 4065 eas
1186 4006 1249 4087 ipse
1270 4025 1307 4065 ex
1334 4026 1337 4031 ’

180 4101 283 4163 codice
303 4100 352 4160 illo
373 4099 512 4186 enotavit,
533 4099 650 4178 accepi;
678 4099 812 4173 alterum,
832 4105 916 4181 cujus
944 4103 1127 4162 collationem
1156 4104 1310 4165 Werferus

179 4200 250 4261 mihi
262 4199 389 4270 miserat,
403 4218 490 4279 quem
505 4217 598 4277 nuper
611 4198 764 4258 immatura
786 4216 864 4259 mors
884 4200 981 4260 medio
1001 4201 1030 4259 in
1045 4221 1132 4262 cursu
1153 4201 1220 4261 vitm
1233 4222 1307 4282 prae-

182 4297 413 4359 clare‘institutae
427 4295 556 4370 abstulit,
572 4295 853 4376 Heidelbergensem
866 4299 984 4362 vocavi:
1005 4298 1049 4380 sic
1071 4299 1148 4364 enim
1161 4301 1317 4380 putabam*
