2694 4866
266 263 324 325 DE
345 261 532 327 IAMnlco
553 260 782 325 TRIMETRO
803 262 991 338 CLAUDO.
1150 274 1193 332 93

10 460 13 465 ·
57 433 312 515 adHephaest.p.
332 439 403 497 ⁶251.
424 453 506 515 seqq.
527 408 682 514 inquibus
702 445 800 495 tamen
820 435 952 516 quaedam
973 387 1191 497 adhuc'emen·
1273 466 1277 477 ·

10 638 12 643 Ι
46 520 181 682 gatdhbe
193 516 336 658 Edppent.
379 517 420 576 Et
433 517 464 576 in
478 516 674 598 Hipponactis
696 517 814 597 quidem
833 537 918 577 versu
931 519 1010 598 apud
1025 519 1109 578 Stob.
1124 520 1190 581 XV.

141 716 227 800 χςένος
241 714 268 776 δὲ
288 714 398 790 orestes
419 742 447 776 σι
465 695 527 795 pili
547 715 578 783 sle
600 716 687 800 cievit,

57 828 160 888 nescio
184 847 222 887 an
246 827 431 889 scribendum
452 828 490 888 sit
513 828 571 909 μηδ’
590 833 641 899 ind.
683 828 823 910 Ejusdem
843 848 943 890 versus
966 840 1010 890 est
1034 829 1190 894 Tectam!

58 909 213 990 Lycophr.
232 914 303 971 425.

139 1031 228 1104 Μιμνῖ
238 1027 410 1104 κακομήχανε,
431 1025 519 1106 μηκέτι
533 1025 650 1110 ygtidspe.

59 1142 163 1205 Trium
177 1141 313 1202 codicum
323 1141 468 1222 scriptura
479 1143 649 1221 κατυμιίχιη
667 1151 778 1214 monet,
793 1151 827 1200 ut
839 1140 1013 1204 scribarum:

140 1264 229 1335 Mussii
241 1265 421 1338 nordmannis,
440 1257 527 1335 pezio
541 1258 657 1340 γςᾶψῃς.

60 1374 99 1435 In
113 1374 303 1435 Parmenonis
315 1393 402 1434 versu
417 1372 495 1453 apud
510 1373 622 1433 Athen.
632 1373 674 1432 'V.
687 1393 717 1452 p.
734 1376 805 1435 221.
826 1374 866 1431 A.

141 1492 264 1550 Σκυθιστὶ
284 1496 364 1563 φανεῖ,
387 1487 440 1550 sill
459 1489 552 1549 sina
570 1489 724 1563 passeis-sar,

58 1603 244 1665 Goisfordins
257 1604 442 1663 scribendum
457 1615 541 1683 putat
556 1602 626 1681 poli,
641 1602 809 1663 Meinelrins
822 1603 852 1661 in
867 1602 952 1664 Curis
967 1602 1075 1664 criticis
1088 1625 1118 1684 p.
1138 1610 1187 1671 23.

58 1685 141 1748 κούδέ.
181 1686 242 1745 Hic
255 1685 373 1764 quidem
386 1685 453 1743 vide
467 1705 504 1744 ne
518 1685 612 1744 hiatus
625 1704 643 1744 a
657 1704 768 1745 caesura
781 1704 849 1743 eum
861 1685 1096 1764 interpunctione
1116 1706 1190 1747 con-

55 1771 163 1846 juncta
176 1769 401 1827 excusationem
410 1766 527 1826 habeat.
555 1766 723 1846 Comparari
737 1777 843 1846 potest,
855 1765 892 1826 de
907 1787 965 1846 qno
978 1768 1188 1846 supradictum

58 1847 112 1909 lib.
127 1849 153 1909 Ι.
168 1867 234 1928 cap.
250 1854 297 1920 10,
312 1851 341 1912 7.
355 1869 385 1928 p.
399 1853 449 1909 49.
470 1847 622 1926 Sophoclis
636 1848 719 1908 locus
731 1848 761 1905 in
777 1846 896 1908 Electra
908 1868 936 1908 v.
957 1855 1026 1910 818.

102 1936 133 1991 3.
154 1929 325 2009 colligimus
338 1942 436 1991 sutem
449 1947 486 1989 ex
502 1940 548 1989 tot
562 1931 702 2010 exemplis
715 1930 820 1988 horum
833 1947 979 2002 versuum,
996 1950 1062 2009 quae
1075 1941 1189 1992 servata

59 2022 140 2084 sum,
154 2031 214 2070 non
228 2012 289 2071 aliis
303 2011 426 2092 pedibus
439 2011 537 2070 locum
551 2030 623 2082 esse,
640 2030 728 2090 quam
743 2011 793 2089 qui
806 2010 915 2090 proprii
936 2023 1005 2071 sunt
1025 2012 1188 2091 iambogrs·

57 2095 194 2175 phorum.
215 2093 293 2152 Nam
306 2105 411 2173 praeter
424 2093 585 2172 'spondeum
600 2093 630 2149 in
644 2091 800 2172 imparibus
813 2093 895 2163 locis,
910 2091 980 2150 nihil
995 2093 1049 2152 nisi
1062 2093 1189 2153 solutam

57 2174 137 2235 arsin
156 2174 205 2234 hic
225 2174 285 2234 illic
306 2174 558 2253 deprehendimus.
599 2173 639 2232 Et
663 2173 753 2233 rarius
777 2172 894 2252 quidem
919 2173 949 2230 in
972 2185 1075 2252 quarto
1098 2175 1185 2252 pede,

61 2268 96 2317 ut
108 2257 141 2316 in
154 2256 303 2316 Phoenicis
318 2255 493 2336 Colophonii
506 2255 636 2315 versrbus
650 2255 726 2334 apud
742 2255 919 2314 Athenaeam
934 2254 1004 2314 Xll.
1017 2275 1048 2336 p.
1061 2255 1131 2318 530.
1149 2255 1185 2318 Ε.

139 2377 169 2435 οὗ
181 2375 254 2455 παρὰ
266 2373 375 2449 pulpam
389 2380 443 2455 ariig
458 2375 516 2455 legis
529 2371 662 2438 risimus·

79 2485 81 2489 ·
136 2456 169 2523 eis
183 2452 205 2514 δ’
220 2454 327 2515 sulbar·
338 2452 416 2536 'drdgb
431 2461 496 2515 min
517 2454 654 2515 κιτέλιπιν
666 2459 744 2536 ῥῆσιν.

58 2566 95 2628 In
108 2568 213 2649 quinto
226 2581 325 2628 autem
338 2572 482 2647 sextoque
495 2569 571 2648 pede
594 2567 735 2628 credibile
757 2576 812 2640 est,
836 2586 854 2627 a
876 2567 1022 2629 solutione
1035 2586 1086 2629 eos
1099 2566 1186 2648 plene

59 2651 242 2711 abstinuisse.
279 2653 349 2716 Quo
361 2651 455 2730 magis
468 2651 573 2709 mirum
592 2662 648 2722 est,
673 2650 753 2728 quod
777 2648 956 2709 Heliodorus
979 2648 1186 2728 grammaticas

56 2731 138 2810 apud
153 2731 332 2792 Priscianum
346 2753 375 2811 p.
391 2734 481 2796 1327.
500 2732 590 2793 dicit:
610 2733 741 2806 Ἱππ-ὦναξ
763 2736 852 2791 πολλὰ
874 2732 974 2814 magidi
994 2736 1041 2792 siit
1054 2733 1186 2814 deceptivas

56 2816 143 2882 broie
156 2816 269 2893 ἰάμβοις.
312 2815 371 2879 Qui
384 2813 425 2872 ibi
438 2813 596 2874 afferuntur
617 2813 812 2893 Hipponactis
831 2831 941 2885 versus,

52 3012 56 3019 .
140 2940 193 3022 ἰᾴυ
207 2945 245 3014 poi
275 2939 349 3008 odra,
365 2938 722 3021 Kvaslmntmaeia‘ngpi,

140 3025 199 3090 τοὺς
212 2968 304 3105 diadem
319 3021 421 3088 τοῦτους
434 3021 503 3086 illm
516 3021 604 3082 πάλαι
619 3028 693 3102 p‘sim,

77 3156 182 3197 norum
196 3137 226 3195 in
236 3137 332 3217 ‘priore
344 3137 452 3197 diserte
465 3135 537 3201 diclt
551 3134 717 3203 Priscianus
738 3145 873 3215 quartum
888 3145 919 3194 et
932 3133 1065 3213 quintum
1078 3133 1184 3212 pedem

56 3157 204 3298 dactylos,
223 3219 254 3276 in
275 3219 479 3278 altercantem
502 3217 664 3278 secundum
685 3217 857 3297 spondeum,
882 3228 1017 3295 quartum
1037 3215 1186 3294 dactylum
1268 3268 1271 3277 .

59 3319 134 3372 esse,
149 3300 213 3379 quis
227 3311 287 3360 tam
300 3299 445 3378 perversis
458 3300 587 3359 numeris
601 3300 637 3358 ab
654 3299 843 3379 Hipponacte
851 3297 990 3376 scriptos,
1011 3315 1046 3357 ac
1060 3315 1119 3353 non
1133 3314 1186 3374 po-

57 3382 116 3442 tins
131 3381 327 3441 Heliodorum
341 3392 479 3460 corrupto
493 3380 596 3440 codice
620 3400 704 3439 nsum
724 3379 778 3439 sibi
802 3377 1005 3458 persuadebit?
1046 3378 1135 3437 Certe
1154 3375 1186 3434 in

55 3463 219 3544 posteriore
232 3481 317 3524 versu
331 3463 362 3522 in
375 3474 512 3543 promptu
525 3473 570 3523 est
583 3461 725 3543 scripturn
738 3461 848 3522 fuisse:

138 3582 196 3647 τοὺς
209 3579 295 3664 &rigae
307 3579 409 3648 sedesve
423 3579 466 3647 >do
479 3579 568 3642 mim
581 3586 660 3650 setar,
715 3594 717 3599 '

52 3707 112 3770 nisi
126 3708 158 3769 in
171 3724 319 3790 postremo
343 3713 433 3773 verbo
457 3712 539 3773 aliud·
559 3711 630 3792 quid
653 3711 735 3771 latet.
776 3707 860 3767 Idem
879 3703 1060 3767 Heliodorus
1083 3713 1187 3763 auctor
1299 3738 1303 3751 ι

51 3782 173 3930 inerat}
186 3792 566 3874 Hipponactemtrimetros
579 3812 669 3874 puros
683 3788 852 3852 choliambis
865 3787 1024 3862 miscuisse,
1044 3785 1102 3878 hoc
1115 3804 1185 3847 usus

49 3892 164 3953 exemp
175 3893 203 3949 o,

133 4009 228 4092 Ἐςμῖῐ,
243 4009 300 4084 φίλ’
312 4010 406 4095 Ἐςμῆ,
420 4009 550 4079 Masulis,
567 4002 701 4082 Κυλλήνιε,
809 3984 812 3989 ¹

134 4091 281 4170 dmdmd
291 4113 344 4152 rat*
360 4092 447 4175 seipsos
466 4096 520 4174 γαὶς
534 4096 617 4158 sande
633 4095 703 4173 ptysi.
770 4126 773 4131 ·
977 4155 981 4163 .

47 4208 193 4276 Quorum
205 4225 342 4271 versuum
356 4206 482 4286 priorem
497 4207 585 4266 etiam
600 4206 725 4281 Tzetzes
738 4203 821 4264 affert
835 4200 872 4260 ad
887 4199 1037 4282 Lycophr.
1049 4200 1122 4258 855.
1137 4189 1189 4254 ubi

47 4286 176 4359 Manios
189 4286 307 4371 legitur.
336 4288 479 4353 Prisciani
486 4287 643 4352 lectionem
657 4287 781 4350 servarit
796 4282 930 4345 Valesius
943 4283 981 4343 ad
996 4279 1142 4362 Harpocr.
1156 4295 1186 4358 p.
