2694 4866
352 276 630 342 assumturus
654 264 920 344 coronans·
1034 228 1038 239 ¹
1140 294 1201 352 sss

56 449 191 511 ultimam
211 446 368 527 ancipitem
391 447 462 510 eum
483 451 587 530 pedem
610 450 725 532 recipit.
768 453 811 512 Ar
831 452 891 512 hoc
904 469 998 532 genus
1011 455 1134 529 numeri,
1148 457 1189 518 de

58 552 121 612 quo
134 531 307 610 explicatius
321 531 464 611 disputavi
484 534 515 591 in
535 533 736 594 dissertatione
754 534 791 593 de
811 546 972 594 metrorum
998 541 1190 614 quorumdam

54 631 195 677 mensura
208 613 383 692 rhythmica,
398 632 463 692 quae
485 635 564 675 nunc
577 616 674 675 libello
687 617 727 680 ,de
749 617 848 675 metris
872 616 989 676 Pindari
1010 621 1039 675 in
1065 622 1191 699 repetita

57 695 190 790 editione
207 695 324 789 Heynia
336 695 458 774 adjecta
466 708 521 771 est,
535 697 622 756 certis
636 697 750 782 indiciis
764 698 955 778 separandum
969 711 1014 758 est
1029 717 1047 757 a
1062 702 1190 779 trochai·
1284 750 1286 760 .

63 796 108 837 crs
122 795 259 836 numeris.
1137 795 1140 803 ’

104 865 136 918 5.
157 858 285 916 Primum
301 857 377 917 enim
391 876 481 938 quum
495 860 609 919 incess'u
622 859 709 940 plane
723 861 827 920 diversi
847 861 905 920 sint
919 862 1032 921 numeri
1046 864 1191 926 trochaici

61 949 95 1000 et
109 939 141 996 hi
155 938 273 1018 epitriti,
288 958 410 1018 quorum
431 941 571 1000 trochaici
592 943 713 1020 primam
734 961 879 1023 quamque
899 943 1081 1024 dipodiarum
1101 947 1189 1019 arsin,

61 1019 176 1103 epitriti
189 1020 348 1080 secundam
361 1022 509 1083 fortiorem
523 1024 643 1099 habent,
865 1018 867 1023 ’
1236 1028 1239 1042 ’

84 1192 88 1199 .
146 1170 296 1213 -υψιυ
498 1172 679 1202 -ν--

58 1283 188 1353 ¹apparet
200 1271 293 1332 levem
308 1282 338 1332 et
350 1291 419 1332 vere
435 1284 602 1332 currentem
616 1292 770 1332 numerum
783 1293 846 1334 csse
862 1275 1053 1348 trochaicum,
1067 1274 1154 1338 etiam
1168 1277 1194 1337 si

62 1373 104 1414 ex
119 1353 242 1433 epitritis
256 1366 381 1427 constet,
396 1366 440 1426 ut,

147 1469 169 1530 ἆ
182 1463 262 1544 φίλοι,
277 1480 326 1533 troii
338 1476 386 1538 ταὶς
398 1471 507 1538 Ἀθήναις
522 1477 600 1545 φασὶν
614 1472 731 1556 ἱῖςῧσθωι
746 1474 855 1552 χθᾶιοςς

10 1642 24 1649 -
60 1585 257 1666 Epitritorum
270 1606 341 1646 vero
354 1587 446 1650 multo
457 1589 575 1666 'gravior
589 1599 632 1647 cst
647 1601 677 1648 et
695 1588 801 1649 lentior
821 1590 961 1661 incessus,
983 1599 1016 1649 nt
1036 1590 1066 1647 in
1087 1589 1192 1670 quibus

62 1667 211 1736 secundus
225 1669 347 1748 quisque
361 1689 413 1748 pes
433 1689 492 1728 non
513 1671 659 1728 trocheus
683 1671 835 1741 habeatur,
854 1673 906 1730 sed
926 1671 1040 1750 longior
1060 1672 1190 1732 trochaeo

60 1749 114 1815 ait,
154 1750 279 1816 Quodsi
293 1750 346 1808 hos
360 1751 501 1829 epitritos,
516 1751 566 1830 qui
580 1751 732 1830 dactylicis
753 1754 880 1811 numeris
896 1748 992 1830 junc'ti
1013 1755 1192 1834 usurpaban-

62 1843 113 1891 tur
134 1829 164 1890 in
184 1831 359 1895 carminibus
379 1833 417 1890 ad
442 1833 550 1891 D'orios
565 1833 667 1891 modos
692 1833 787 1902 factis,
813 1853 885 1913 quos
909 1836 1011 1892 modos
1033 1853 1136 1913 graves
1159 1847 1192 1895 et

63 1912 236 2005 magnificos
249 1913 338 1972 fuisse
352 1924 476 1987 constat,
491 1911 785 1996 trochaeoruminstar
795 1915 990 1995 pronunciari,
1002 1917 1021 1974 i.
1032 1935 1058 1977 e.
1069 1915 1192 1995 primam

62 1997 142 2055 arsin
155 1995 305 2055 fortiorem
319 1996 446 2055 secunda
460 2015 522 2055 esse
537 1997 680 2068 volumus,
694 2015 831 2056 numerus
845 1997 904 2070 hic,
918 2000 968 2076 qui
986 1997 1079 2057 omnis
1092 1998 1187 2075 gravi·

62 2078 133 2137 tatis
147 2097 251 2155 expers
265 2088 318 2146 cst,
335 2087 394 2136 tam
410 2078 484 2152 male
499 2079 686 2137 consociatur
706 2078 829 2158 dactylis
849 2079 914 2149 illis,
936 2091 969 2139 ut
990 2080 1062 2138 nihil
1083 2073 1154 2158 fingi
1174 2098 1193 2138 a
1220 2099 1222 2107 ·
1284 2081 1286 2084 ⁴

63 2159 166 2219 Doriae
180 2159 337 2218 harmoniae
350 2158 503 2238 splendore
517 2159 637 2219 alienius
657 2160 757 2240 possit.
797 2160 907 2232 Veluti,

143 2275 241 2358 xpus-ist
261 2277 386 2358 φᾶςμιγξ,
406 2277 565 2343 ’acinam
580 2282 625 2336 aori
639 2279 801 2356 isxnoariprur

144 2356 253 2420 chritso
267 2366 366 2418 Mors-air
378 2359 485 2418 ambros.

63 2473 185 2535 Recitet
198 2474 251 2532 hos
265 2466 365 2534 versus
379 2472 481 2553 aliquis
495 2475 533 2534 ad
547 2473 643 2553 legem
657 2472 798 2533 trochaici
812 2474 937 2548 numeri,

68 2658 70 2662 ,
142 2617 297 2654 ...u-v
337 2617 491 2654 -υ-ῦ
530 2623 808 2656 ..νυ-νυ...

143 2751 300 2787 ..v-..U
340 2758 500 2790 -υυ-

60 2866 93 2914 et
105 2856 223 2926 sentiet,
237 2874 324 2935 quam
337 2856 512 2916 inconcinna
521 2874 682 2935 parumque
693 2855 914 2916 accommodata
922 2854 959 2914 sit
969 2854 1034 2914 haec
1044 2853 1188 2915 trocheo-

62 2956 127 3015 rum
141 2937 251 2997 levitas.
293 2939 380 3007 Quod
394 2951 505 3008 contra,
522 2939 546 2996 si
557 2939 689 3017 epitritos
702 2937 862 3010 adhibebit,
878 2948 908 2998 et
919 2928 1076 3018 secundam
1087 2955 1188 3016 quarn.
1280 3012 1282 3016 p

62 3036 120 3097 que
133 3019 211 3099 arsin
225 3030 300 3079 n'ovo
315 3032 345 3080 et
359 3015 491 3099 ¹graviore
505 3021 567 3079 ictu
581 3021 704 3103 notabit,
719 3020 798 3099 pleni
811 3019 949 3099 ponderis
969 3019 1122 3098 spondeus·
1138 3039 1190 3099 ap·

63 3101 188 3170 tissimos
201 3102 342 3181 praebebit
357 3113 388 3161 et
403 3101 649 3181 splendidissimos
663 3121 817 3161 numeros:

65 3208 69 3213 '
158 3214 168 3242 r
245 3215 253 3240 r
377 3217 386 3241 r
462 3216 470 3241 r
593 3215 601 3240 r

142 3251 322 3282 -υ--
361 3251 537 3282 -υ--
577 3249 852 3283 -υυ-υυ-

143 3391 318 3422 ...υ--
358 3392 512 3423 -w-

64 3545 68 3553 .
101 3498 135 3554 63
152 3492 271 3553 Deinde
283 3513 342 3552 non
357 3486 581 3553 solum'caesura
601 3492 795 3552 trochaeorum
816 3502 917 3551 carent
936 3491 966 3549 hi
988 3489 1106 3569 epitriti,
1127 3490 1186 3550 for-

62 3593 182 3653 masque
202 3575 312 3633 habent
332 3576 417 3653 plane
437 3575 517 3646 alias,
538 3576 589 3633 sed
608 3576 669 3652 ipsa
689 3575 776 3633 etiam
798 3593 934 3633 mensura
951 3583 1061 3644 monet,
1082 3583 1116 3630 ut
1136 3591 1187 3633 eos

26 3658 30 3663 “
63 3655 151 3735 louge
164 3674 183 3714 a
195 3657 350 3716 trochaicis
364 3658 492 3716 numeris
506 3657 633 3715 diversos
643 3676 705 3714 esse
713 3668 881 3714 statuamus.
923 3655 998 3713 Nam
1014 3655 1044 3710 in
1057 3654 1185 3713 trochai-

63 3738 106 3797 cis
119 3738 266 3816 spondeus
279 3759 337 3796 non
351 3737 483 3818 proprius
499 3759 550 3818 pes
564 3749 618 3808 est,
640 3737 692 3796 sed
713 3748 830 3816 propter
851 3735 980 3795 ultimam
1001 3735 1185 3813 dipodiarum

63 3819 220 3898 ancipitem
234 3821 298 3880 vice
311 3820 442 3899 fungitur
455 3821 587 3890 trochaei‚
610 3838 665 3878 nec
689 3839 757 3878 vere
778 3818 923 3898 spondeus
943 3828 1005 3877 est:
1027 3817 1104 3876 unde
1125 3834 1186 3876 uon

62 3902 239 3961 necessitate
253 3903 389 3980 quadam,
404 3902 456 3960 sed
470 3903 561 3981 magis
575 3901 753 3985 cumulique
772 3901 856 3959 venia
877 3901 1040 3960 toleratur.x
1067 3900 1103 3957 ln
1124 3898 1185 3978 epi·
1261 3910 1264 3916 ’

63 3982 140 4044 tritis
152 3995 251 4043 autem
264 3983 326 4042 istis
344 3984 522 4043 necessarius
543 3995 587 4043 est
607 3983 761 4062 spondens,
785 3991 1011 4060 constanterque
1034 3993 1184 4040 servatur:

61 4076 94 4124 et
106 4064 131 4124 si
145 4065 263 4144 quando
277 4077 459 4146 permutatur
473 4085 540 4125 cum
561 4065 702 4136 trochaeo,
723 4064 764 4122 ita
777 4063 835 4123 hoc
856 4063 898 4132 fit,
914 4073 947 4121 ut
962 4081 1030 4134 non,
1045 4061 1185 4141 quemad·

61 4147 182 4207 modum
196 4147 227 4207 in
241 4147 395 4209 trochaicis
415 4148 555 4219 versibus,
579 4147 668 4226 longa
691 4145 802 4226 syllaba
825 4165 878 4224 pro
900 4145 992 4216 brevi,
1013 4146 1065 4204 sed
1088 4143 1185 4203 brevis

39 4270 43 4275 -
60 4247 115 4308 pro
135 4228 226 4309 longa
246 4241 380 4308 ponatur.
421 4230 511 4297 Quod
531 4249 621 4308 quum
642 4227 758 4307 proprie
779 4247 839 4286 non
857 4226 940 4286 aliter
965 4231 1051 4305 quam
1074 4226 1104 4283 in
1122 4225 1184 4284 'fine

59 4310 190 4373 simulet
203 4312 316 4371 numeri
330 4322 360 4371 et
374 4312 505 4379 vocabuli
519 4311 583 4372 fieri
596 4308 726 4380 deberet,
742 4320 840 4370 tamen
859 4313 951 4388 poitae
962 4306 1184 4377 commoditatis
