2694 4866
61 258 64 269 ι
110 314 168 373 lot
489 306 569 367 tta.
589 307 631 365 rt
650 305 745 368 cal-³.
766 307 850 369 XXI.

150 480 201 537 20.
220 474 312 535 simili
331 475 483 555 questioni
504 493 602 535 ansam
622 475 754 555 prabant
773 474 947 549 dochmisci,
967 494 1042 557 quos
1061 476 1204 557 maeotim

111 556 209 617 iambi.
250 557 325 618 Utar
347 556 493 637 exemplo,
514 557 593 636 quod
616 569 647 618 et
667 557 769 616 crebro
793 557 947 630 insanitur,
969 566 1001 617 at
1019 577 1100 639 sarpa
1116 556 1206 621 «tuta

112 639 223 698 tionem
235 637 316 699 facit.
356 639 441 700 Unus
463 639 575 700 iambus
588 638 613 698 si
632 638 772 718 pracedit
791 637 896 718 pedem
915 638 1096 712 doobrrrium,
1119 639 1205 701 dudo

114 718 207 778 modis
220 719 357 779 constitui
369 739 507 780 numerus
520 730 626 800 potest,
647 731 698 778 aut
711 719 764 791 sic,
1232 742 1238 753 ·

194 869 218 899 b)
225 835 267 897 -Ι-
277 870 300 900 U
309 886 350 898 -ι
363 836 368 918 Ι
380 835 421 896 -Ι-
430 869 454 899 b)
463 886 504 897 —

113 944 162 992 aut
176 933 228 1005 sic,

193 1047 501 1131 osstossssoss
1239 1121 1245 1131 Ι

115 1161 147 1221 Si
160 1161 256 1240 prime
269 1160 367 1232 modo,
384 1171 413 1220 et
428 1160 545 1240 dipodia
558 1160 613 1220 ista
626 1160 748 1221 iambica
761 1179 866 1240 purum
879 1177 995 1221 servare
1007 1159 1164 1220 trocheum
1173 1156 1207 1218 ds·
1232 1170 1246 1231 a

112 1242 204 1312 bebit,
228 1252 269 1311 et,
294 1242 344 1321 qui
369 1259 434 1302 eam
457 1242 597 1320 sequitur,
623 1241 774 1310 Creticum
798 1241 844 1301 aiu
868 1242 962 1302 altero
984 1236 1085 1314 modo,
1109 1252 1208 1318 uterque
1231 1257 1242 1283 t

114 1322 198 1380 locus
218 1322 352 1383 admittet
366 1323 505 1401 syllabam
518 1323 684 1403 ancipitem.
726 1321 912 1402 Omninoque
926 1341 1065 1382 numerus
1086 1321 1209 1400 utriuaqrt
1232 1332 1246 1376 “r

113 1402 214 1461 formae
229 1403 436 1462 diversissimus
450 1414 504 1462 est.
545 1403 622 1464 Nam
643 1403 792 1485 antispasti
805 1403 869 1463 hac
886 1414 931 1464 est
943 1414 1058 1477 natura,
1079 1415 1112 1465 ut
1123 1402 1210 1483 primu
1231 1429 1241 1437 ·=

115 1483 198 1557 ordo,
213 1484 263 1562 qui
276 1484 352 1543 ultra
365 1485 491 1544 iambum
501 1485 627 1545 debebat
640 1482 808 1563 procedere,
819 1488 939 1569 propter
949 1478 1129 1547 debtutatan
1140 1500 1210 1551 rum,
1238 1520 1240 1527 ·

115 1564 313 1643 abrumpatur,
333 1566 418 1644 eique
440 1566 512 1624 alius
531 1564 688 1625 sufficiatur
701 1562 783 1639 ordo,
806 1564 859 1644 'qui
879 1580 997 1625 cursum
1019 1566 1085 1645 ejus
1106 1570 1210 1645 perag&
1232 1583 1238 1607 t

116 1647 215 1710 Quare
239 1646 422 1724 antispastus,
442 1658 473 1706 et
491 1648 612 1725 proinde
628 1648 715 1706 etiam
735 1647 887 1706 dochmius
906 1647 964 1707 boc
983 1646 1039 1706 sibi
1059 1657 1160 1706 nstrata
1174 1658 1210 1703 sat
1236 1649 1246 1705 i

113 1725 250 1864 plpstuiat,
273 1737 306 1785 ut
319 1747 470 1786 numerum
491 1728 552 1808 ipse
565 1728 694 1808 incipiat.
725 1728 812 1813 ‚Nam
825 1729 881 1799 alia
900 1728 987 1809 plane
1001 1727 1209 1808 compositiora
1232 1752 1239 1772 ’-

148 1827 191 1866 rus
203 1827 313 1882 versus,
1238 1822 1241 1837 ¹

242 1922 252 1947 r
396 1923 404 1947 r

196 1925 505 2007 υ-υ-Ι-υ-

115 2055 198 2131 cujus
209 2053 320 2114 indoles
329 2055 446 2115 minime
460 2066 504 2115 est
513 2054 709 2135 antispastica
723 2055 791 2134 quia
801 2054 879 2134 prior
892 2054 965 2115 ordo
980 2072 1040 2114 non
1051 2047 1208 2131 intemnp'r

115 2146 164 2195 tur
183 2136 240 2194 alio
253 2136 365 2210 ordine,
387 2137 436 2216 qui
450 2156 566 2197 cursum
585 2140 648 2214 ejus
661 2148 792 2215 peragat,
813 2135 865 2196 sed
875 2139 936 2216 jam
949 2137 1084 2214 pervenit
1097 2135 1134 2195 ad
1143 2134 1209 2201 finer
1227 2146 1235 2165 .

114 2227 146 2276 et
166 2217 314 2277 absolutus
327 2229 381 2277 est.
422 2219 526 2297 Itaque
539 2217 704 2299 hujusmodi
723 2236 833 2292 versus,
855 2228 888 2276 ut
907 2215 937 2274 hi
951 2227 1020 2276 sunt
1040 2216 1073 2275 in
1087 2208 1208 2295 Euripi&

117 2298 385 2378 8ηρρ1.829.833.
860 2330 863 2337 ·
1117 2294 1132 2311 '
1230 2290 1246 2341 !¹.

194 2411 461 2550 {agrpgfflwfii
471 2413 533 2485 ἕλοι,

196 2517 298 2653 iiii.
311 2509 518 2649 {iiim

196 2657 287 2735 πικςοὶν
301 2650 326 2712 δὲ
340 2655 434 2723 Φοίβου
448 2655 535 2729 φάτιν,

40 2804 50 2819 .
115 2766 253 2847 proutiin
267 2767 423 2825 diiambum
437 2779 468 2827 et
483 2768 631 2829 Creticum
644 2768 691 2828 vel
704 2768 733 2826 in
748 2768 874 2828 iambum
889 2776 919 2826 et
932 2766 1101 2826 dochmium
1115 2762 1208 2829 divid!
1238 2828 1246 2835 ,

64 2878 67 2882 ⁴
116 2847 204 2908 alium
228 2869 381 2908 numerum
408 2849 566 2920 habebunt,
591 2850 676 2923 aliam
703 2850 902 2914 recitationem
927 2848 984 2906 sibi
1010 2860 1140 2927 poscant,
1160 2844 1207 2904 ali!
1231 2864 1246 2913 .‘

115 2948 258 2988 mensurae
281 2930 434 2988 varietates
460 2931 624 2990 admittent.
665 2930 706 2988 Et
729 2949 903 3008 quamquam
923 2928 993 2986 nihil
1013 2928 1143 3008 impedit,
1161 2938 1207 3006 qut!
1230 2927 1246 2954 ¹

115 3020 241 3088 utroque
261 3010 374 3068 numeri
393 3029 501 3087 genere
519 3030 586 3069 usos
609 3021 721 3071 veteres
745 3010 906 3080 credamus,
926 3018 1041 3069 certum
1056 3013 1108 3069 'est
1125 3020 1206 3085 tm
1229 3014 1246 3059 '-

116 3108 193 3168 saepe
208 3091 264 3148 hoc
285 3109 377 3166 genus
390 3109 458 3150 vere
472 3111 510 3151 ex
531 3092 626 3151 iambo
646 3102 677 3150 et
689 3091 827 3169 dooirmio
848 3100 993 3184 constare³
1012 3110 1102 3171 quum
1115 3076 1207 3176 fcrevgl

116 3169 242 3230 mixtum
257 3171 407 3239 dochmiis,
422 3173 466 3231 rel
482 3171 511 3229 in
521 3173 664 3251 principio
677 3183 865 3251 systematum
875 3170 1114 3241 dochmr'ac'drunt
1126 3180 1206 3249 raperl¹
1229 3161 1246 3190 ³

116 3261 194 3322 atur,
217 3263 415 3331 praetereaque
438 3253 584 3312 interdurn
608 3252 766 3312 secundam
789 3252 866 3311 arsin
889 3248 1013 3312 solutam
1034 3252 1147 3324 habeat,
1171 3272 1203 3299 Μ’·
1229 3243 1246 3271 ”“

116 3332 191 3392 ratio
204 3333 300 3411 aptior
319 3344 364 3392 est
377 3333 522 3411 dochmio.
564 3334 701 3394 Notabile
712 3342 769 3406 est,
788 3334 948 3412 quumbic
967 3342 1069 3395 versus
1242 3350 1246 3357 ’

115 3414 290 3487 inveniatur,
312 3414 463 3474 anacrusin
477 3415 605 3474 dochmii
620 3414 727 3493 ubique
740 3416 859 3473 brevem
872 3413 1052 3483 castanieta.
1083 3404 1123 3472 'bi
1150 3412 1157 3425 ’
1186 3421 1189 3427 ’

116 3498 186 3556 dem
199 3514 278 3554 nunc
291 3514 351 3554 non
364 3506 408 3556 est
421 3496 588 3575 exemplum
601 3496 631 3553 in
642 3506 790 3574 promptu,
803 3495 832 3553 in
847 3512 906 3573 quo
923 3512 959 3553 ea
972 3494 1061 3573 ionga
1073 3495 1120 3555 sit.
1170 3488 1210 3547 ’ὓ
1224 3517 1236 3540 z

117 3577 197 3658 qo'od
212 3576 358 3638 Seidlerus
367 3598 396 3656 p.
416 3584 483 3641 115.
492 3596 531 3637 ex
545 3575 709 3636 Ttachiniis
724 3582 811 3640 1016.
825 3575 934 3646 attulit,
946 3586 1115 3654 suspectum
1126 3572 1209 3633 nota
1225 3580 1240 3633 ῑ,

116 3679 213 3738 neque
226 3659 324 3731 etiam,
335 3658 369 3716 ‘si
383 3659 595 3730 admitteretur,
616 3659 738 3739 probare
752 3658 910 3737 quidquam
916 3668 1031 3795 (posset,
1053 3656 1129 3736 quia,
1143 3674 1169 3732 qr
1206 3729 1207 3732 Ἴ
1225 3688 1246 3712 „-

117 3761 155 3801 ex
179 3739 302 3799 Seidleri
321 3739 656 3819 descriptionedhedium
676 3738 714 3798 sit
726 3739 803 3798 inter
822 3737 905 3815 dnos.
937 3736 1077 3815 ochmios,
1098 3737 1176 3817 etiam
1228 3795 1246 3809 ,

117 3822 243 3901 priorem
257 3820 358 3879 referri
371 3832 476 3897 potest.
517 3820 606 3887 Quod
618 3832 716 3880 autem
736 3818 813 3878 idem
828 3837 867 3878 ex
881 3816 977 3896 Iphig.
999 3818 1089 3878 Taur.
1102 3818 1164 3881 827·
1173 3822 1208 3871 οἱ·
1232 3814 1246 3861 ἶ

117 3902 245 3979 emplum
259 3899 352 3973 aitbrt,
365 3900 453 3958 otiam
466 3900 490 3958 si
503 3901 544 3960 ita
556 3902 695 3983 scriptum
710 3900 740 3958 in
753 3899 833 3958 libris
843 3909 981 3969 armaret,
997 3912 1057 3958 non
1070 3906 1162 3979 posset
1170 3892 1214 3951 b*-
1228 3878 1246 3907 ¹

27 4041 30 4048 ,
118 3983 204 4053 trabi,
225 3982 293 4059 quia
306 4000 365 4041 non
377 3980 417 4043 ad
430 3981 508 4041 hunc
519 4002 635 4041 versum
649 3981 700 4042 sed
711 3981 749 4043 ad
762 3992 889 4061 systema
902 3979 1106 4039 dochmiacum
1118 3978 1152 4040 ab
1162 3974 1210 4035 itt·

116 4064 156 4121 bo
170 4063 320 4139 inceptum
332 4062 501 4141 pertineret.
571 4095 573 4099 ·
1225 4073 1226 4078 ’

160 4146 209 4200 al.
232 4143 315 4222 Soepe
328 4143 495 4202 dochmium
515 4143 575 4202 duo
596 4145 774 4204 'antecedunt
794 4143 891 4203 iambi.
933 4140 1079 4221 Exempla
1091 4134 1212 4205 &affl

119 4223 212 4281 muita
239 4224 336 4283 attulit
359 4245 387 4303 p.
414 4228 479 4288 117.
509 4242 589 4303 seqq.
630 4226 695 4284 Hos
716 4242 832 4304 quoque
852 4225 902 4303 qui
925 4222 1057 4302 sequitur
1075 4224 1191 4283 donn
1216 4223 1217 4226 ’

118 4303 272 4362 anacrusin
279 4305 353 4364 solet
362 4306 479 4364 brevem
490 4304 606 4367 habere.
637 4307 695 4366 Sed
704 4306 875 4386 productam
885 4306 1014 4365 invenies
1028 4305 1107 4385 apud
1115 4296 1212 4375 AEtcbt'
1230 4320 1234 4332 ¹

118 4386 179 4444 lum
192 4386 223 4444 in
238 4386 345 4463 rigam.
360 4388 547 4450 1166.1177.
