2694 4866
138 342 208 401 110.
371 360 375 368 ¹
498 332 579 394 LIB.
599 332 643 392 11.
664 331 761 393 CAP.
787 331 904 393 XVIII.

294 460 308 499 s

29 552 32 557 -
47 532 53 545 ’
127 503 287 566 arctissime
301 522 369 562 cum
388 513 529 581 sequente
543 521 629 562 versu
648 500 838 579 copulantur=
858 520 917 580 quo
930 501 975 572 fit,
989 511 1023 562 ut
1036 520 1076 563 ne
1088 501 1119 561 in
1133 501 1180 565 b'u
1192 506 1255 584 qui.

125 587 193 646 dem
208 597 343 645 octavum
357 584 461 664 pedem
475 603 582 663 purum
590 581 697 643 servari
711 601 831 642 necesse
842 583 890 642 sit.
930 583 1076 663 Exempla
1085 583 1205 647 afferam
1216 608 1252 648 cx

126 668 276 728 Terentio.
317 667 353 725 In
371 664 545 726 Phormione
566 666 592 726 Ι.
607 672 637 737 4,
652 669 682 725 8.
695 682 777 743 seqq.
792 663 845 723 ubi
861 664 991 744 asperius
1009 664 1145 745 quedam
1157 679 1189 729 et
1201 688 1249 730 au·

130 749 230 810 dacius
244 747 361 809 refinxit
376 746 537 821 Bentleius,
551 747 592 806 ita
605 745 792 806 scribendum
807 745 937 806 videtur:
1113 760 1116 765 '
1146 786 1149 791 -

193 866 266 939 qnod
277 883 357 939 quum
370 863 493 929 abdierit,
504 864 578 937 qnod
590 861 647 935 ejus
658 862 805 919 remedium
816 862 949 917 inveniam
959 860 1132 919 iracundia?

192 935 342 1010 loquetae?
360 936 514 991 incendam=
535 932 662 990 ticcam?
679 934 817 1004 instigem:
838 935 946 1004 pbrgem
955 930 1022 989 me?
1039 934 1152 991 laterem
1163 936 1254 993 larun.

193 1009 263 1065 eheti
273 1028 315 1065 me
324 1008 458 1063 miserum:
474 1007 555 1079 quum
567 1005 632 1060 mihi
644 1022 737 1077 paveo,
748 1016 805 1059 tum
817 1003 945 1075 Antipho
957 1023 1000 1062 me
1012 1007 1152 1063 morbidet
1162 1008 1252 1063 animi:

192 1081 251 1153 ejus
268 1098 312 1135 me
328 1080 451 1134 miseret:
473 1079 499 1132 el
511 1095 581 1133 nunc
599 1077 697 1132 timeo:
717 1075 742 1131 is
754 1076 825 1130 nbnc
837 1093 880 1130 me
892 1076 1005 1132 retinet=
1026 1094 1088 1131 nam
1105 1076 1207 1151 Ibsque
1222 1097 1254 1135 eo

335 1160 414 1216 esset
813 1182 816 1188 -

227 1220 302 1277 recte
313 1236 363 1291 ego
375 1221 439 1275 mihi
451 1219 584 1287 vidissem,
595 1230 623 1276 et
633 1220 704 1275 senis
716 1235 801 1274 essem
815 1218 885 1274 ultus
897 1219 1076 1275 iracundiam:
1097 1220 1200 1295 aliquid

225 1292 444 1359 cdnvasavissem‚
454 1290 535 1364 itque
546 1292 643 1347 dehinc
655 1308 699 1345 me
709 1289 842 1367 prdtinam
856 1291 1015 1362 conjicerem
1028 1291 1056 1344 ln
1067 1292 1162 1363 pedes·

121 1397 238 1456 Horum
258 1413 393 1454 versuum
413 1393 444 1452 in
464 1394 551 1455 tertio
573 1394 675 1454 ultima
695 1390 808 1473 syllaba
827 1393 857 1451 in
881 1405 1052 1472 sequentem
1074 1393 1245 1476 conjicitur:

118 1488 240 1557 quartus
252 1476 441 1556 hypermeter
454 1488 516 1537 ests
537 1476 615 1537 unde
627 1494 697 1539 cum
711 1472 880 1535 trochaicus
891 1474 1034 1554 sequitur,
1047 1475 1098 1555 qni
1112 1475 1246 1555 quoniam

119 1558 286 1619 octonarius
309 1569 364 1629 est,
389 1557 570 1619 continuatio
593 1557 707 1618 numeri
729 1573 788 1613 non
813 1557 979 1628 iambicum,
1001 1556 1054 1617 sed
1078 1556 1169 1617 alium
1188 1568 1244 1616 tro·

120 1639 254 1699 chaicum
275 1639 357 1718 sequi
379 1639 554 1719 postulabat.
595 1639 678 1699 Eleu
699 1658 757 1698 una
770 1639 889 1721 'syllaba
909 1637 1107 1718 pronunciari,
1121 1637 1244 1700 Bentleii

121 1732 318 1781 commentum
342 1732 397 1792 est,
421 1722 500 1801 quod
521 1720 613 1781 refelli
635 1720 705 1780 nihil
727 1740 847 1782 necesse
867 1734 922 1779 est.
966 1718 1196 1791 Conoasnoicrem
1215 1728 1245 1778 ut

119 1800 403 1881 veram'scripturam
416 1822 480 1863 esse
492 1813 603 1885 putem,
614 1802 765 1863 diversitas
775 1801 926 1881 scripturae
939 1802 970 1859 in
979 1800 1132 1862 codicibus
1140 1810 1241 1863 moret.

35 1880 38 1885 ’
119 1884 249 1946 Calidius
262 1883 410 1944 damnavit
421 1874 613 1945 hoc‘verbum
626 1883 785 1945 Bentleius.
826 1882 941 1943 Dehinc
953 1881 1158 1963 prtebuitcod.
1167 1882 1241 1963 Lips.

118 1966 258 2045 Ejusdem
271 1965 386 2044 generis
399 1965 482 2027 locus
495 1977 539 2025 est
554 1967 583 2024 in
595 1966 707 2027 Hesut.
721 1966 780 2026 111.
794 1970 823 2038 3,
841 1969 889 2025 13.
903 1964 953 2025 ubi
966 1963 1038 2023 nihil
1048 1982 1160 2041 caum
1173 1971 1237 2034 cml,

118 2066 208 2130 quare
222 2047 360 2107 librorum
375 2047 464 2108 lectio
478 2058 660 2109 mutaretur:
1140 2040 1147 2055 ¹

186 2182 236 2239 ego
249 2166 283 2222 de
295 2181 338 2222 me
348 2165 417 2223 facio
430 2166 622 2240 ndnjecturamr
642 2166 723 2223 nemo
735 2174 777 2224 est
789 2162 1066 2227 meorumamlcorum
1078 2153 1168 2234 hodic,
1193 2172 1200 2179 “

186 2240 257 2310 apid
269 2256 349 2310 quem
357 2255 513 2310 expromere
524 2238 614 2313 timuis
626 2256 687 2295 mea
698 2240 812 2305 occulta,
825 2235 955 2308 Clitipho,
967 2236 1088 2293 audeam.

55 2334 60 2343 ’
116 2339 185 2400 Jsm
198 2339 243 2397 his
256 2341 362 2400 addam
375 2341 457 2400 illurn
466 2343 575 2413 locum,
587 2346 670 2422 cujus
680 2361 769 2422 supra
781 2338 960 2401 mentionem
967 2338 1037 2413 feci,
1051 2356 1091 2399 ex
1102 2332 1245 2417 Adelphi-

101 2414 158 2481 ⁸11.
174 2426 200 2492 l,
217 2425 265 2483 ll.
308 2422 368 2481 Sed
381 2420 519 2500 quoniam
532 2422 631 2494 etism,
647 2441 713 2499 quae
733 2422 913 2501 praecedunt,
927 2431 1118 2499 systematum
1138 2421 1168 2479 in
1179 2433 1232 2478 mo·

47 2560 50 2565 .
116 2520 179 2562 rem
193 2502 329 2581 copulata
341 2512 420 2574 sunt,
434 2502 498 2585 haec
512 2520 629 2581 quoque
643 2502 815 2562 adscribam.
886 2553 889 2557 ,
1217 2516 1221 2523 ·

161 2690 163 2696 .
191 2634 222 2691 S.
234 2633 356 2704 dbsecro‚
365 2633 516 2720 populaires,
527 2633 595 2720 ferte
607 2637 706 2692 misero
717 2634 947 2720 atque-innocenti
958 2635 1102 2719 auxiliumt
1117 2657 1121 2663 ·
1134 2708 1137 2712 Δ
1160 2598 1164 2605 ἱ

187 2707 325 2763 shbvenite
336 2707 417 2779 inopi.
454 2709 502 2764 Ε.
515 2708 693 2774 (inocentiae
703 2710 759 2780 jam
770 2707 844 2763 illico
854 2707 900 2762 hic
912 2717 1041 2773 consiste:
1132 2770 1135 2775 Ι

186 2779 250 2850 quid
261 2778 417 2851 respectas?
435 2780 473 2834 nll
485 2779 618 2850 periclist=
639 2780 792 2853 nimquam,
804 2780 868 2834 dum
880 2796 930 2850 ego
940 2778 1032 2845 adero,
1041 2774 1088 2832 hic
1098 2786 1127 2833 tc
1137 2782 1224 2848 tangel-

186 2851 215 2907 S.
264 2851 370 2906 oistsm
383 2850 612 2906 invitisdmnibus.

263 2961 270 2977 .
292 2939 449 2994 quamquam
462 2921 504 2976 est
515 2922 651 2989 scelestus,
662 2922 722 2977 adn·
735 2921 884 2978 committet
900 2919 981 2976 hddie
998 2937 1133 2993 nmquam,
1148 2917 1229 2977 iterum

186 3062 215 3116 S.
233 2991 506 3128 Aeschppepqplqliqqe
518 3072 546 3118 te
557 3063 675 3134 ignarum
687 3063 767 3119 fuisse
778 3064 850 3119 dicas
862 3063 980 3118 merirum
987 3075 1107 3118 morum:
1203 3134 1206 3139 ¹

184 3133 248 3189 leno
260 3152 310 3204 ego
328 3151 394 3190 sum.
430 3135 478 3188 AE.
491 3134 554 3190 scio.
590 3137 618 3191 S.
629 3135 658 3190 dt
669 3136 716 3204 ita,
733 3145 765 3190 ut
776 3153 888 3207 usquam
904 3134 957 3190 sirit
973 3134 1027 3190 lide
1044 3127 1228 3206 quisquamdtr

140 3338 148 3347 ,
185 3277 217 3332 tu
229 3275 301 3349 quod
313 3215 484 3347 tduplinhttdrius
496 3295 599 3349 purges,
609 3277 678 3332 hanc
689 3277 812 3333 in‘uritlm
824 3233 974 3332 mihinolle
1101 3243 1106 3252 ι
1264 3344 1270 3355 ,

185 3346 283 3403 frictam
296 3365 362 3414 esse,
373 3348 453 3420 hujus
464 3366 519 3404 non
530 3349 640 3404 ficiam:
662 3366 690 3404 cr
726 3348 813 3416 eboc,
832 3349 980 3420 egomeum
989 3346 1200 3420 neptricum:
1275 3388 1280 3429 ¹

180 3418 1231 3561 tter{tethttvttlstluttuhrtttutlitttrint·

182 3562 240 3620 esse
250 3508 346 3635 idq'uria
357 3531 539 3649 hdqindignis
552 3579 633 3635 quum
645 3511 749 3634 egomjet
760 3511 810 3618 dim
822 3562 949 3634 acceptus
957 3529 1053 3616 modis.

113 3690 204 3750 Primi
216 3689 345 3770 quinque
357 3709 458 3750 versus
477 3709 537 3749 uno
551 3707 675 3749 numero
693 3688 852 3760 cohaerent,
874 3699 904 3747 et
917 3670 1008 3766 patet,
1029 3678 1151 3764 perinde¹
1163 3695 1230 3749 Νῦν
1274 3664 1280 3741 l

112 3783 210 3831 utrum
224 3781 360 3851 quartum
380 3770 469 3832 facias
488 3771 668 3831 trochaicum
690 3770 846 3831 dimetlum
868 3756 1083 3839 catalecticlrm,
1103 3759 1228 3906 ahoquin·
1277 3770 1280 3839 j

111 3862 192 3914 tum:
220 3871 287 3911 nam
309 3852 333 3909 si
357 3853 500 3931 quintum,
525 3864 645 3933 quartus
667 3853 723 3913 erit
737 3849 921 3911 octonarius.
962 3848 1077 3908 Eodem
1101 3866 1130 3905 m
1170 3858 1229 3904 otu

5 3988 9 3996 ,
59 3986 66 3999 ,
111 3944 197 3993 sexto
210 3943 241 3993 et
254 3933 377 4013 septimo
392 3933 578 3993 continuatur
591 3954 738 3994 numerus.
780 3932 858 3991 Tum
872 3943 992 3991 octavus
1003 3939 1034 3990 et
1047 3928 1098 4009 qui
1110 3942 1229 4008 sequun-

110 4026 171 4086 tut,
185 4032 243 4072 una
256 4014 452 4093 perpetuitate
465 4015 579 4080 numeri
593 4016 751 4076 cohaerent.
792 4012 960 4076 Undecimo
976 4010 1071 4071 vers'ui
1085 4006 1230 4093 Bentleios

92 4092 95 4097 ’
111 4097 250 4155 librorum
273 4095 443 4169 lectionem,
465 4105 494 4156 te
506 4117 565 4156 esre
584 4097 733 4180 indignum
758 4096 799 4156 ita
812 4092 1053 4173 accommodavit,
1068 4102 1101 4151 ut
1152 4091 1173 4105 ''

110 4176 250 4258 syllabam
264 4176 342 4236 vocis
356 4178 503 4261 indignum
513 4178 585 4237 huic
596 4179 702 4251 versui,
717 4178 841 4257 reliquas
855 4177 928 4237 duas
938 4172 1072 4255 sequenti
1086 4106 1234 4232 adsumet·
1274 4208 1280 4261 ,ἶ

112 4256 150 4319 Id
170 4256 305 4338 quoniam
320 4259 458 4320 audacius
478 4260 589 4319 factum
609 4259 733 4334 videtur,
768 4259 861 4319 rretuli
882 4268 910 4318 te
923 4258 1235 4343 indignumlesscqu
1277 4264 1280 4323 ἕ

109 4340 192 4400 ducit
205 4336 302 4407 lectio,
322 4360 387 4419 quae
400 4341 479 4424 apud
492 4342 643 4403 Donatum
664 4354 709 4402 est
723 4280 858 4411 adHec.
880 4340 917 4400 V.
933 4346 960 4412 1,
978 4342 1026 4401 15.
1045 4335 1194 4415 indignata
1207 4338 1234 4390 lv

110 4442 178 4485 esse.
218 4420 265 4481 Ita
288 4422 391 4483 ultima
413 4434 527 4485 tantum
546 4423 657 4507 syllaba
680 4425 710 4485 in
734 4433 905 4503 sequentem
929 4436 1044 4482 versum
1068 4414 1239 4496 conjteinu
