2694 4866
112 283 172 345 rao
421 320 454 375 ,.
491 276 574 339 ara.
592 274 634 336 11.
655 238 854 361 caa'xrx.

110 446 218 508 rusie
231 446 373 507 venusin
387 402 455 508 rus.
469 444 550 526 upa
570 444 687 524 ugnus
727 438 1038 519 nauscantes

184 565 267 634 tigna,
276 561 416 635 putrefacit
427 563 473 619 aar
483 560 591 635 opertior
602 560 677 617 labri.

187 633 298 706 nequior
308 633 392 691 iactus
399 637 456 708 jam
468 635 531 690 usus
541 643 583 689 est
594 632 709 688 aedium.

117 736 214 816 Vulgo
227 747 268 798 cat
282 758 357 799 usus.
398 737 504 798 Pseud.
519 736 573 796 Vl.
589 741 617 809 1,
631 740 681 798 20·

184 855 243 926 ipsa
252 870 310 911 sesa
322 856 352 909 ut
360 864 440 926 neget
450 852 508 910 esse
520 870 589 921 aum,
606 852 651 925 qui
669 851 729 908 siet.

116 955 214 1037 Vulgo
227 980 287 1019 eum
300 977 365 1019 esse.
406 955 486 1016 Rud.
499 955 554 1014 IV.
569 960 597 1016 8.
613 958 660 1016 ta.

183 1073 232 1130 sed
242 1074 306 1130 boui
318 1073 411 1130 edusili
422 1071 518 1146 ecquid
529 1071 558 1127 in
570 1071 597 1128 te
608 1070 673 1127 mihi
685 1085 734 1127 est.

156 1181 203 1240 17.
224 1176 370 1235 Praeterea
382 1175 411 1233 in
425 1174 469 1234 his
483 1193 599 1254 quoque
612 1175 751 1246 versibus,
765 1172 844 1234 sirei
858 1172 1057 1253 interpunctio
1071 1175 1168 1252 maior,
1178 1168 1213 1233 td

113 1274 244 1335 personae
258 1256 390 1326 mutatio,
405 1256 450 1315 vel
463 1256 519 1316 alia
532 1273 724 1334 quaecumque
737 1254 843 1315 idonea
857 1272 959 1315 caussa
981 1273 1102 1334 pausam
1115 1255 1144 1317 iu
1159 1270 1212 1333 prs-

112 1337 279 1397 nunciando
293 1336 354 1395 fieri
367 1337 445 1409 sinit,
458 1346 511 1396 aut
529 1335 665 1415 postulat,
689 1335 810 1409 hiatum,
834 1334 1115 1415 productionemqne
1136 1332 1212 1395 brar‘a

111 1417 229 1494 syllaba
241 1417 363 1477 inveniri
375 1417 454 1478 licet.
493 1418 541 1477 lta
553 1416 584 1475 iu
597 1416 779 1477 Mostellaria
793 1416 818 1476 1.
837 1421 868 1491 4,
889 1419 939 1477 24.
960 1414 984 1477 si
999 1415 1072 1477 nihil
1085 1415 1145 1477 vitii
1155 1433 1209 1476 con·

113 1498 203 1557 traxit
216 1516 325 1571 versus,
376 1506 379 1510 “

180 1615 236 1688 jam
248 1616 374 1673 revortar.
391 1615 510 1674 diu-sat
528 1615 645 1674 ‘iam-ld
656 1605 720 1672 milri

114 1719 154 1783 Iu'
164 1719 266 1782 eadem
279 1720 378 1781 fabula
391 1721 416 1782 1.
430 1725 460 1795 2,
479 1727 530 1786 66.

182 1828 288 1911 perdidi
297 1838 403 1911 operam
414 1833 547 1896 fabrorum
558 1838 644 1895 illico:
659 1867 677 1881 -
688 1827 787 1911 dppido

116 1916 119 1924 '
182 1909 256 1966 venit
275 1903 385 1980 Quavis.
944 1977 947 1985 Ι

115 2013 280 2095 Singulares
292 2015 378 2094 plane
390 2013 486 2075 hiatus
499 2025 569 2074 suut
581 2013 611 2073 in
626 2014 717 2076 Most.
731 2017 756 2075 I.
769 2017 799 2087 2,
820 2015 870 2080 ts.

180 2124 240 2187 arte
250 2124 419 2205 munuca,
429 2132 640 2200 dison-hastis,
650 2131 712 2205 pila,

181 2205 390 2270 cursu-armis,
399 2221 478 2277 equo.

113 2311 195 2377 Quos
207 2317 304 2367 tamen
319 2327 377 2366 non
391 2317 463 2385 puto
476 2306 666 2368 removendos
679 2324 751 2366 esse.

155 2392 203 2449 18.
222 2388 313 2465 Jungi
331 2386 427 2446 solent
446 2407 545 2447 versus
566 2387 675 2447 Cretici
690 2405 780 2467 quum
792 2382 979 2457 aliis'metris,
999 2394 1033 2445 ut
1045 2382 1213 2449 usuratu

132 2463 168 2526 lis
181 2467 353 2545 quibusdam
373 2464 643 2540 demonstrabimus,
664 2478 726 2526 tum
747 2460 918 2539 Bacchiacis
935 2466 1076 2540 versibus,
1097 2477 1130 2527 ut
1153 2462 1213 2549 apul

141 2547 251 2606 lautum
273 2548 339 2611 Cas.
360 2547 402 2606 Il.
421 2550 450 2607 2.
470 2537 529 2607 11Ῐ.
547 2553 579 2607 5.
599 2547 686 2626 Epid.
701 2547 755 2624 IV,
772 2552 800 2609 1.
812 2547 904 2608 Most.
918 2546 943 2608 I.
957 2553 986 2608 2.
999 2545 1109 2607 Pseud.
1126 2546 1176 2609 tv.
1191 2546 1215 2613 l·

113 2627 195 2687 Pers.
215 2626 254 2686 V.
275 2631 303 2688 2.
325 2627 403 2688 Rud.
423 2627 449 2688 1.
469 2627 577 2688 5.111.
597 2633 626 2689 3.
640 2640 670 2688 et
684 2620 771 2699 alibi;
793 2627 954 2708 etquidem
968 2646 1048 2687 nunc
1061 2627 1212 2724 interposita

114 2709 191 2768 inter
204 2719 360 2787 utrumque
383 2727 535 2768 numerum
559 2707 615 2769 alio
628 2728 724 2780 versu,
739 2728 818 2768 nunc
832 2706 975 2768 utstatim
990 2708 1146 2770 Bacohlact
1158 2710 1212 2770 cn·

114 2789 199 2861 ticos,
209 2790 256 2850 vel
268 2789 377 2850 Cretici
391 2789 569 2849 Bacchiacoe
583 2790 743 2870 excipiantr
764 2789 841 2868 quod
855 2801 945 2868 quum
959 2789 1002 2861 fit,
1018 2789 1103 2848 unius
1116 2789 1214 2871 syllaba
1241 2788 1249 2841 l

69 2904 72 2911 ·
113 2870 145 2928 in
158 2870 300 2951 principio
313 2871 359 2930 vel
373 2870 502 2930 accessio
521 2870 568 2929 vel
588 2871 731 2942 detractio
751 2869 895 2929 interdum
915 2868 995 2940 facit,
1018 2881 1050 2928 ut
1065 2871 1213 2949 ambiguum

28 2998 30 3007 .
114 2952 161 3021 sit,
183 2961 280 3011 utrum
300 2970 400 3010 versus
419 2952 476 3010 sint
497 2950 606 3010 Cretici
625 2970 662 3010 au
683 2949 852 3010 Bacchiaci:
873 2949 924 3010 sed
944 2951 1116 3030 plerumque
1135 2966 1215 3017 esca

115 3051 181 3110 quse
193 3033 283 3091 verba
295 3042 362 3110 apte
376 3031 406 3089 in
427 3041 610 3091 tetrametros
630 3034 745 3106 coeant,
767 3041 829 3090 tum
849 3031 935 3091 etiam
956 3047 995 3089 ex
1008 3029 1068 3090 fine
1081 3025 1215 3111 dijudical

150 3123 242 3173 ssunt.
1156 3138 1159 3145 ·
1198 3148 1201 3153 ·

111 3132 205 3257 ΡΟ19.
226 3193 323 3260 Quum
347 3191 456 3253 Cretici
477 3200 666 3271 systematum
689 3193 720 3250 in
743 3202 854 3252 morem
874 3190 1012 3272 conjungi
1034 3192 1159 3266 soleant,
1175 3184 1216 3253 eal

114 3294 181 3336 raro
202 3275 330 3334 versibus
342 3292 395 3352 per
409 3277 541 3348 caranus»
555 3274 705 3353 copulatis,
721 3277 805 3351 cujus
819 3274 984 3353 exemplum
998 3282 1043 3332 est
1058 3274 1089 3333 in
1104 3268 1216 3335 Terent

115 3356 229 3418 Andria
241 3355 296 3414 IV.
313 3361 339 3425 1,
355 3361 383 3416 9.
397 3373 455 3414 nou
469 3355 605 3415 abhorret
626 3374 645 3414 a
664 3354 879 3432 comparatione
898 3353 1019 3413 aliorum
1034 3360 1216 3424 numerorum

116 3435 249 3499 Creticos
263 3454 379 3514 quoque
394 3435 535 3495 clausulas
548 3436 685 3515 quasdam
700 3435 817 3494 habere.
858 3434 900 3495 Et
919 3443 986 3514 apte
1006 3452 1078 3496 sane
1091 3435 1217 3497 claudun·

113 3531 162 3580 tur
175 3537 259 3579 versu
273 3516 444 3577 catalectico
457 3515 487 3573 in
502 3517 608 3576 Casina
620 3515 662 3574 11.
676 3520 705 3589 2,
717 3523 769 3583 40.

183 3635 263 3708 igitur
274 3633 362 3690 tecum
373 3632 476 3706 loquar3
494 3634 565 3688 nunc
577 3633 644 3689 vale.
659 3631 754 3688 valeas.

115 3737 174 3799 Sed
208 3757 274 3797 uam
289 3736 438 3797 Bentleius
451 3737 487 3796 ad
503 3731 597 3796 Andr.
612 3733 666 3795 1v.
682 3739 708 3804 1,
727 3739 774 3796 12.
788 3732 945 3794 clausulam
958 3743 990 3794 et
1003 3722 1222 3797 Creticorumat

113 3759 342 3878 Baccliacorum
355 3835 418 3876 esse
431 3817 503 3891 vult,
518 3829 550 3878 ut
563 3817 632 3896 pedi
646 3814 764 3877 Cretico
778 3814 921 3876 iambicus
933 3828 1116 3879 monometer
1124 3818 1221 3900 hyperd
1247 3830 1249 3843 '

112 3899 271 3958 catalectus
284 3897 445 3978 adjiciatur,
1246 3900 1249 3911 ’

181 4013 220 4068 nil
231 4023 319 4086 opust,
329 4013 366 4069 ibt
377 4023 509 4081 verentur,

110 4134 174 4176 cam
197 4133 254 4192 ego
277 4127 435 4196 numquam
458 4121 624 4196 usurpatam
643 4138 706 4181 esse
720 4112 817 4181 credo.
858 4109 1018 4180 lienibus
1038 4105 1221 4189 Plautilocis,

113 4213 186 4275 quos
198 4195 281 4256 affert
294 4198 453 4272 Bentleius‚
468 4200 526 4259 duo
540 4210 608 4259 aunt
620 4219 719 4260 versus
732 4199 849 4261 iambici
862 4201 1028 4284 septenarii,
1046 4200 1079 4262 in
1093 4202 1182 4266 Cart.
1199 4198 1221 4278 l.

113 4285 142 4349 2,
158 4282 186 4337 8.
202 4283 249 4340 15.
289 4278 372 4340 Prior
383 4278 467 4341 locus
479 4280 521 4340 ita
532 4279 701 4410 scribemus
713 4281 843 4349 rideturt
