2694 4866
377 249 437 312 DE
459 249 599 314 VERSU
621 249 828 315 HEROICO.
1051 270 1053 276 ’
1114 256 1174 316 115

41 423 168 498 Propter
190 416 342 478 lenitatem
362 418 426 479 haee
445 419 581 481 mollibus
602 423 781 500 argumentis
801 406 1101 482 accommodatissima
1119 432 1175 483 est.

39 504 88 563 Ita
100 503 164 561 fere
178 501 286 579 ubique
307 519 371 560 earn
392 514 562 580 usurpatam
581 502 682 563 videas
702 503 732 561 in
753 503 873 562 Moschi
894 503 1043 582 epitaphio
1065 502 1176 564 Bionis.

39 583 330 746 gaggamzingggdum
357 584 550 665 tranquillam
570 586 726 664 quamdam
755 585 927 662 gravitatem
954 584 1055 662 habet,
1084 596 1117 645 ut
1144 585 1175 643 in

446 800 524 879 ψυκῦ
537 799 563 861 dt
577 800 698 868 rodoinus
712 800 843 863 Αἰακίδαο

121 882 199 956 doira
211 883 303 964 μοικςαὶ
316 883 419 951 dodica
430 884 489 942 κατ’
502 881 638 962 ἀσφοδιλὶν
653 887 771 961 asspiret.

42 1018 125 1096 Apte
139 1027 279 1095 usurpata
292 1027 336 1075 est
350 1016 438 1076 etiam
452 1015 482 1074 in
496 1015 554 1074 hoc
567 1034 664 1088 versu,
680 1015 764 1076 iliad.
777 1015 803 1076 δ.
815 1019 887 1077 455.

122 1137 169 1193 siis
184 1130 210 1193 di
223 1158 250 1192 st
262 1135 352 1198 eihan
365 1129 458 1222 doira-or
469 1133 489 1191 ir
501 1130 593 1215 oir‘gtsti
606 1129 680 1192 isaar
694 1133 794 1211 marpesia

42 1247 212 1327 Saepissime
226 1257 324 1327 autem
337 1246 549 1306 volubilitatem
563 1257 663 1325 auget.
704 1245 855 1305 Homerus
869 1244 926 1307 od.
941 1263 971 1318 a,
985 1250 1056 1307 598.

119 1360 204 1428 αὖτις·
217 1351 309 1424 imissa
322 1360 420 1424 missit
431 1360 559 1422 »osirim
573 1369 642 1428 λέαις
657 1360 765 1429 ἀναιδές.
1211 1422 1237 1462 N

40 1493 116 1554 Vide
131 1494 305 1554 Lucretium
320 1494 379 1556 111.
395 1499 464 1555 116.
477 1493 531 1552 VI.
548 1498 619 1555 336.
660 1494 809 1554 Catullum
824 1493 854 1552 in
869 1494 997 1575 Epithal.
1018 1495 1081 1555 Pel.
1095 1497 1161 1556 115.

82 1580 131 1635 11.
153 1576 251 1646 Nona,
273 1596 338 1655 quae
351 1587 396 1635 est
417 1575 448 1633 in
468 1573 526 1634 fine
545 1575 624 1634 tertii
645 1576 738 1656 pedis,
761 1577 898 1656 quoniam
919 1577 948 1634 in
963 1579 1035 1637 duae
1050 1578 1175 1656 aequales

40 1668 138 1736 partes
151 1676 266 1716 versum
281 1657 401 1728 dirimit,
421 1656 581 1735 prasertim
595 1658 620 1716 si
633 1658 779 1737 spondeus
793 1669 838 1716 est
851 1658 954 1717 tertius
974 1679 1037 1738 pes,
1057 1659 1175 1718 minime

41 1739 137 1798 suavis
151 1749 207 1798 est.
249 1739 327 1799 Usus
341 1750 386 1798 est
400 1757 436 1798 ea
449 1751 548 1798 tamen
561 1757 620 1797 non
635 1741 698 1799 sine
710 1739 739 1797 vi
753 1739 878 1819 quadam
898 1739 1048 1818 Virgilius,
1068 1740 1176 1800 artifex

41 1817 130 1878 inhis
143 1820 232 1879 rebus
245 1819 495 1892 laboriosissimus,
518 1820 629 1898 Georg.
644 1821 669 1881 1.
683 1822 753 1883 957.
1170 1855 1174 1863 <

110 1937 244 2009 incipiunt
255 1937 353 2008 agitata
361 1949 517 2004 tumescere,
528 1949 557 1993 et
568 1937 655 1992 aridus
667 1937 728 1992 altis

110 2010 246 2064 montibus
255 2009 340 2064 audiri
352 2009 438 2082 smgor
447 2028 456 2108 ξ
465 2019 540 2064 -aut
550 2010 703 2064 resonantia
712 2008 798 2080 longe·

43 2111 120 2172 Vide
136 2112 176 2173 ibi
188 2112 334 2174 Vossium.

85 2234 133 2290 12.
154 2228 280 2288 Decima
295 2249 422 2308 quoque,
443 2249 509 2309 quae
523 2228 553 2287 in
567 2240 671 2309 quarta
683 2227 741 2288 arsi
752 2240 807 2301 est,
828 2227 907 2289 idem
919 2228 1010 2308 po'e'ta
1030 2236 1106 2306 apte·
1119 2227 1175 2287 uti·

46 2317 92 2367 tur
106 2311 219 2397 Georg.
235 2311 259 2371 1.
273 2316 342 2372 901.
1174 2320 1176 2324 ⁴

111 2445 167 2482 non
181 2428 268 2496 aliter,
286 2446 364 2500 quam
376 2428 423 2500 qui
434 2429 546 2496 adverso
554 2459 572 2471 -
582 2428 691 2484 flumine
698 2427 815 2484 lembum

110 2499 230 2568 remigiis
243 2501 347 2570 subigit.

85 2607 132 2662 13.
153 2602 329 2674 Undecima,
352 2623 416 2681 quae
429 2609 500 2664 sassi
514 2605 629 2688 magro
643 2611 762 2706 rgoxaist
782 2624 801 2664 a
824 2602 1021 2683 grammaticis
1044 2614 1177 2676 vocatur,

51 2681 186 2741 rarissima
200 2694 255 2755 est,
277 2695 307 2742 et
321 2684 450 2744 studiose
463 2685 590 2750 vitatur:
611 2698 644 2746 ut
663 2686 854 2746 serentianus
868 2685 1070 2764 exemplorum
1083 2705 1177 2764 penu·

52 2761 86 2821 ria
98 2766 161 2843 ipse
171 2762 295 2824 verstim·
303 2763 432 2839 finxerit,

114 2899 173 2953 quae
186 2899 239 2953 pax
251 2882 331 2953 longa
343 2882 479 2938 remiserat
492 2901 573 2951 arma,
590 2901 689 2939 novare
696 2885 833 2956 parabant.

55 2981 121 3046 Vide
134 2988 222 3048 etiam
238 2989 366 3048 Marium
381 2988 461 3049 Vict.
471 3009 501 3068 p.
513 2993 603 3066 2508.
624 2990 700 3048 Nam
715 3010 774 3049 non
788 2990 876 3048 modo
887 2987 949 3068 ipsa
959 2985 1053 3047 mollis
1061 2985 1179 3058 estred

57 3067 132 3126 etiam
154 3069 280 3129 debilem
298 3060 396 3129 *reddit
410 3083 589 3148 postremum
604 3071 744 3143 ordinem,
757 3066 815 3151 'qui
830 3091 848 3128 a
860 3071 916 3130 levi
930 3068 1063 3130 anacrusi
1073 3068 1176 3146 incipi-

57 3164 107 3218 ens,
121 3150 218 3210 statim
233 3151 263 3209 in
277 3152 370 3231 prima
381 3151 491 3231 dactyli
500 3151 674 3230 repetitione
684 3153 813 3228 trochaeo
824 3152 1037 3230 exstinguatur.
1058 3149 1095 3210 Id
1102 3151 1177 3209 adeo

57 3227 194 3292 offensioni
212 3232 269 3291 fuit
282 3233 439 3303 veteribus,
462 3245 505 3306 ut,
520 3233 610 3292 etiam
625 3234 648 3292 si
663 3254 761 3293 versus
776 3235 845 3292 alias
866 3233 987 3291 haberet
1011 3229 1177 3305 incisiones,

59 3315 142 3371 lamen
167 3313 323 3391 diligenter
345 3314 484 3386 caverint,
507 3333 544 3372 ne
565 3315 595 3372 in
609 3314 706 3374 medio
721 3327 824 3393 quarto
839 3312 956 3390 dactylo
971 3311 1176 3372 terminaretur

59 3395 228 3526 {embolum
272 3398 375 3474 ltaque
400 3396 477 3475 apud
499 3397 592 3455 bonos
616 3399 718 3475 poe'tas
742 3396 852 3476 perrari
872 3404 941 3453 sunt
954 3403 1064 3464 versut,
1085 3390 1178 3472 qualis

75 3471 97 3532 io
109 3487 153 3534 est
166 3475 251 3535 lliad.
265 3505 285 3537 ι.
300 3483 369 3539 394.

124 3593 220 3659 Πηλιῦς
233 3595 280 3658 brit
291 3620 334 3672 μοι
348 3591 434 3654 imave
448 3600 561 3667 γυναῖκα
573 3595 730 3672 papiro-tras
744 3594 828 3660 aisis.

58 3698 107 3762 Sed
119 3725 178 3785 quo
193 3707 316 3786 quisque
331 3707 458 3768 deterior
471 3721 516 3769 est
530 3729 565 3770 ac
580 3709 785 3789 negligentior,
806 3707 837 3766 id
851 3707 929 3787 quod
949 3704 979 3765 in
1002 3704 1109 3765 multos
1130 3721 1177 3764 re·

10 3812 27 3829 ··
55 3786 208 3859 tertiorum
223 3790 312 3862 cadit,
334 3810 370 3849 eo
382 3793 522 3868 majorem
535 3792 565 3849 in
579 3792 635 3850 hac
649 3811 681 3849 re
692 3791 832 3849 incuriam
844 3787 1054 3869 deprehendas,
1069 3795 1104 3845 ut
1113 3785 1178 3864 plu·

54 3863 124 3927 n‘hus
138 3868 253 3927 ostendi
267 3870 297 3929 in
308 3872 510 3933 dissertatione
519 3873 557 3933 de
566 3886 653 3931 aetate
662 3872 774 3950 Orphei
787 3871 1055 3950 Argonauticorum
1065 3888 1094 3947 p.
1105 3871 1176 3931 694.

51 3964 123 4031 seqq.
165 3950 243 4010 Illud
257 3953 306 4010 vix
321 3973 394 4033 opus
410 3966 454 4013 est
469 3973 598 4028 monere,
623 3955 646 4013 si
663 3954 795 4012 ultimum
811 3954 906 4033 quarti
919 3951 1002 4032 pedis
1015 3957 1131 4029 tempus
1144 3947 1179 4015 in,

50 4044 116 4091 voce
131 4033 330 4112 monosyllaba
343 4035 390 4106 sit,
413 4056 506 4115 eaque
521 4056 578 4095 non
594 4035 631 4094 ad
654 4036 816 4115 sequentia,
845 4034 896 4094 sed
918 4035 956 4113 ad
979 4029 1176 4112 praecedentia

48 4114 201 4191 pertineat,
223 4115 323 4176 abesse
339 4116 417 4176 illam
431 4118 628 4178 offensionem.
669 4117 774 4197 ltaque
781 4113 1007 4198 frequentissimi
1020 4123 1090 4174 sunt
1104 4111 1176 4172 tales
1294 4131 1297 4137 ’

48 4211 155 4268 versus,
181 4206 224 4267 ut,

121 4315 136 4377 l
150 4310 173 4372 d'
188 4315 232 4374 aria
245 4311 323 4393 ’ἔγχος
335 4312 417 4398 ipos„
438 4314 482 4377 iot
497 4318 545 4400 argi
559 4315 585 4378 di
595 4315 678 4377 tima
690 4315 801 4396 χαλκᾶς.
