2694 4866
113 291 173 353 stt
456 283 539 345 ΠΒ.
559 283 601 345 11.
621 282 714 344 CAP.
735 269 879 345 XXXVl.

109 466 191 519 reete
205 452 379 514 constitutos
391 463 473 533 puto,
495 453 525 512 iu
539 453 644 533 quibus
657 470 771 526 vereor,
791 472 840 526 ne,
860 468 925 532 pre
939 451 1036 513 Varro
1048 453 1090 514 de
1112 455 1220 516 damula

109 539 235 610 dixerat,
255 555 316 595 non
328 535 367 595 ad
379 547 505 596 metrum
519 534 724 616 spectaverint.
766 534 827 594 Eos
837 554 947 609 versus,
960 533 1075 617 hosque
1086 536 1160 599 duos
1168 537 1221 597 clio·
1263 562 1264 595 ς

112 620 268 680 riambicos
280 616 324 677 sic
334 617 430 697 potius
443 627 545 698 putem
558 615 727 677 scribendos
740 633 818 676 esre:

184 735 331 793 discrircior
338 735 430 793 animi:
443 735 556 791 hoccine
568 734 602 791 de
613 732 756 807 improvisi
767 733 831 788 mali
841 730 906 789 milri
952 733 969 749 '⁸
987 733 995 748 '

183 819 296 872 mutum,
314 807 442 879 litaeque
471 803 882 877 uidnuucdemciacipnrmec,
927 804 935 818 '
965 821 1055 878 m,
1070 804 1224 865 utimr&
1262 805 1264 839 ¹

217 879 335 934 membra
346 877 448 932 metud
482 877 529 933 ilia
1222 939 1225 945 ,

254 951 329 1005 shut:
347 950 451 1004 animus
462 949 558 1004 timore

219 1020 361 1092 obstipuit:
378 1021 488 1091 pectore
499 1019 537 1075 nil

254 1094 346 1146 sistere
358 1091 452 1147 consili
463 1091 529 1164 quit.

158 1202 205 1258 12.
228 1196 381 1256 Interdum
404 1214 503 1255 versus
528 1193 716 1256 choriambici
734 1196 772 1255 ab
792 1193 926 1255 macrini
945 1150 1227 1275 incipiunt'uttpol
1263 1214 1264 1245 r

116 1277 288 1371 AEschylum
303 1277 333 1335 in
349 1279 431 1357 Sept.
445 1277 483 1349 ad
498 1276 594 1336 Theb.
606 1282 678 1339 330.
1070 1370 1074 1379 Ι
1197 1324 1200 1331 .
1225 1334 1229 1345 ,
1263 1375 1264 1381 ¹

197 1395 242 1455 ὑπ’
255 1392 339 1475 nitigis
352 1395 465 1472 Ἀχαιοῦ
474 1393 558 1453 θῑᾶθιν

237 1474 387 1558 mgSapct'mt
400 1478 509 1552 ἐτίμας.

117 1589 174 1655 Vel
188 1589 224 1648 ab
238 1589 445 1669 amphibracho
458 1603 510 1651 ant
524 1557 744 1670 palimbacchii,
767 1566 854 1668 quem
868 1607 943 1648 unus
953 1543 1142 1650 choriambus
1154 1550 1227 1669 sequi·
1260 1538 1264 1662 l

118 1680 177 1743 tur,
198 1671 277 1751 quod
287 1690 380 1750 genus
394 1673 498 1752 soepius
512 1672 668 1743 invenitur,
691 1682 722 1731 ut
736 1671 766 1728 in
782 1673 887 1749 Agim
902 1673 972 1735 757.
1143 1670 1147 1675 ’
1220 1720 1223 1725 -
1261 1672 1263 1677 ’

197 1793 294 1868 πομπᾷ
307 1795 365 1856 Διὸς
380 1792 463 1862 ξενίου.

16 1890 20 1901 ’
120 1903 218 1981 Hujus
242 1904 357 1983 generis
380 1906 518 1984 frequens
539 1905 653 1964 videtur
673 1881 852 1963 usus'fnisse
872 1903 950 1981 apud
962 1903 1075 1982 lyricos
1089 1902 1225 1986 AEolmss

120 1984 212 2044 Multi
226 1986 303 2046 enim
316 2006 425 2056 versus,
447 1986 529 2065 qni-a
542 1986 738 2065 grammaticis
753 1985 828 2044 inter
842 1985 959 2044 Ionicos
972 2003 991 2043 a
1009 1986 1115 2064 majori
1134 1979 1226 2063 reptili

118 2067 324 2208 ἱιέιιίἷίυέετίυε,
347 2069 462 2146 opinor,
491 2067 680 2127 choriambici
705 2087 772 2126 cum
796 2066 929 2126 anacrnsi
953 2085 1018 2126 esse
1040 2067 1223 2128 censebuntur,

241 2191 250 2221 5

201 2265 368 2348 ιῦμοςφοτὲςω
381 2265 528 2327 Mrariis'as
540 2272 587 2332 riis
602 2268 710 2332 ὶπαιλὲς
723 2269 836 2347 Γυςιηῦς
886 2312 888 2319 ,

200 2349 363 2429 inuestigare,
385 2346 434 2408 οὐδ’
446 2347 495 2424 ἅμ’
508 2355 631 2429 inueniat,
653 2349 719 2408 obiri
732 2353 853 2425 τυχοῖσα,

121 2459 199 2539 apud
214 2460 454 2537 Hephaestionem
465 2481 494 2540 p.
510 2465 559 2525 37.
568 2526 570 2531 ,
579 2462 651 2599 (64)
678 2461 727 2519 Sic
741 2460 819 2529 enim
833 2457 984 2538 scripsisse,
995 2453 1221 2541 videtur-Septim
1250 2447 1264 2507 t

122 2551 215 2601 semet
239 2541 331 2620 ipsam
355 2542 507 2601 consolans
530 2561 637 2621 exemp
649 2562 668 2601 ο
684 2541 866 2612 Mnasidicae,
888 2559 986 2620 quam,
1007 2540 1079 2601 licet
1100 2552 1131 2601 et
1142 2539 1221 2599 forno

121 2621 226 2681 siorem
241 2632 272 2681 et
285 2622 381 2682 adhuc
395 2623 458 2703 ipso
471 2623 544 2684 flore
563 2623 657 2682 aetatis
681 2617 868 2701 gaudentem,
889 2622 1043 2702 superbius
1065 2622 1151 2683 etiam
1170 2628 1222 2678 trat·
1246 2658 1256 2694 A·

123 2703 227 2763 taverit
243 2703 387 2783 Gyrinno.
429 2707 500 2766 Erat
514 2718 612 2765 autem
627 2705 761 2784 Gyrinno
776 2705 805 2762 in
826 2704 870 2776 iis,
892 2723 963 2781 quas
984 2705 1103 2764 amabat
1125 2703 1144 2763 S

125 2796 158 2844 ut
173 2785 322 2846 Maximus
337 2788 444 2867 Tyrius
458 2787 556 2857 refert,
579 2787 629 2866 qui
643 2807 707 2846 eam
729 2786 893 2864 Gyriunam
914 2785 1011 2856 vocat,
1033 2785 1146 2845 XXIV.
1188 2772 1221 2837 ·l·
1244 2848 1247 2861 ,

123 2870 155 2946 Ρ.
167 2872 238 2932 478.
252 2867 299 2927 ed.
315 2867 414 2927 Reislr.
457 2868 545 2927 Adde
560 2867 663 2928 Valck.
673 2868 711 2926 ad
721 2867 824 2946 fragm.
836 2867 949 2928 Callim.
962 2887 992 2945 p.
1010 2870 1079 2929 150.
1119 2859 1221 2945 Aliis

125 2947 211 3006 metri
226 2968 334 3025 genere
348 2950 457 3028 scripta
470 2950 497 3005 fr
535 2961 633 3008 menta
647 2949 758 3008 suntin
774 2948 946 3007 Blomlieldii
960 2949 1135 3009 collectione
1149 2964 1175 3026 p.
1191 2940 1219 3001 lh
1242 2956 1264 3023 ,Π

126 3047 187 3108 seq.
203 3028 271 3087 XX.
293 3031 393 3089 XXll.
413 3049 449 3088 ex
474 3033 516 3088 At
539 3049 620 3089 enaeo
631 3031 698 3090 XV.
713 3051 743 3110 p.
755 3033 824 3093 674.
836 3030 877 3088 E.
892 3041 922 3088 et
935 3032 1004 3093 687.
1020 3031 1060 3088 A.
1097 3024 1219 3097 nendos

125 3115 174 3171 30.
198 3110 558 3171 LXXXIII-LXXXV.
582 3131 620 3170 ex
650 3112 699 3170 lle
721 3111 861 3170 haestione
885 3110 1034 3191 incapite
1059 3111 1096 3170 de
1122 3104 1219 3170 vesto
1242 3104 1264 3158 ζὲ

124 3191 233 3252 Ionicis
247 3210 265 3250 a
278 3195 396 3274 majore.
438 3192 522 3273 Saepe
537 3193 624 3252 etiam
636 3133 719 3272 aputl
730 3192 858 3273 tragicos
871 3193 928 3252 hoc
941 3211 1035 3273 genus
1049 3184 1219 3281 invonituall

125 3272 156 3332 in
170 3273 321 3353 Antigona
334 3295 361 3336 v.
376 3279 448 3338 606.

205 3390 354 3451 vandal
447 3395 492 3413 ‘”
528 3392 585 3452 ’.Ψ
705 3395 713 3418 ‘

279 3421 294 3453 ν
336 3418 410 3459 varos
425 3418 486 3475 aigro
501 3420 533 3453 oro
574 3418 770 3474 exarmatque·

126 3509 177 3568 Et.
191 3525 219 3565 v.
234 3509 305 3567 614.
347 3507 484 3586 Denique
499 3508 640 3567 Horatius
661 3496 799 3587 praemisit
820 3505 995 3567 choriambis
1019 3504 1164 3586 dipoditm
1181 3507 1217 3558 “⁰¹

50 3638 53 3651 .
127 3587 268 3659 chaicam,
287 3587 345 3646 hac
358 3588 434 3666 lege,
457 3602 489 3649 ut
504 3608 542 3650 ex
556 3588 687 3649 secundo
700 3589 817 3670 epitrito
832 3599 989 3663 constaret,
1010 3598 1041 3649 et
1052 3579 1219 3650 casnrsfitlll

126 3669 156 3727 in
170 3669 263 3749 prima
277 3668 434 3728 choriambi
447 3671 570 3750 syllaba:
1108 3692 1111 3697 ·
1207 3688 1210 3693 ·

196 3798 225 3842 te
234 3786 298 3842 deos
310 3804 368 3852 oro,
387 3789 496 3858 Sybarin
508 3809 556 3846 cur
564 3807 690 3864 properas
701 3789 825 3858 amando,

129 3890 255 3964 graviter
265 3891 302 3949 ob
317 3907 381 3948 eam
392 3907 454 3949 rem
468 3896 659 3970 reprehensus
672 3895 708 3953 ab
724 3893 817 3954 Atilio
831 3890 1041 3952 Fortunatiano
1054 3911 1086 3970 p.
1100 3893 1182 3953 2683.
1191 3870 1227 3939 hl

130 3968 266 4029 defensus
276 3991 295 4030 a
306 3970 439 4031 Bentleio
450 3990 481 4049 p.
492 3974 561 4035 710.
575 3977 641 4035 Nec
655 3994 724 4034 sane
738 3975 858 4034 dubium
872 3985 927 4046 est,
942 3972 1102 4033 Horatium
1115 3972 1167 4031 hac
1178 3977 1230 4044 qno

131 4068 188 4126 que
203 4051 277 4111 inre
293 4052 415 4112 Graecos
436 4065 570 4112 auctores
593 4069 748 4133 sequutum
770 4076 842 4128 esse,
865 4074 937 4134 qnos
958 4054 1106 4114 tamenin
1127 4052 1180 4111 hoc
1196 4060 1235 4122 gt*

129 4147 199 4188 nere
224 4151 284 4190 non
307 4134 408 4213 magis,
432 4152 518 4212 quam
540 4135 569 4191 in
594 4155 678 4195 versu
701 4138 846 4218 Sapphico
860 4148 911 4197 aut
925 4135 1075 4216 epitritum
1089 4137 1180 4203 amm,
1197 4130 1237 4185 Μ

131 4228 279 4281 oaesnrarn,
309 4235 375 4293 quae
403 4214 528 4275 Horatio
551 4215 671 4294 placuit,
700 4221 867 4279 observasse
892 4217 991 4288 c‘redo,
1021 4216 1076 4276 sed
1100 4228 1131 4277 et
1149 4222 1237 4295 purchl

126 4291 320 4430 lditrochaeum
341 4298 480 4375 posuisse,
501 4316 557 4358 nec
571 4297 717 4360 dubitasse
732 4313 800 4363 ante
815 4299 1015 4363 choriambum
1029 4298 1116 4360 finire
1133 4293 1241 4357 vocabu·

95 4412 98 4417 ,
138 4393 196 4432 um.
1199 4397 1202 4401 ·

681 4464 697 4507 2
