2694 4866
290 272 968 357 nsans1,rnns1,nsauscaus1.
1113 276 1116 281 ·
1170 289 1190 346 a
1258 248 1263 265 '

36 442 140 505 niun
151 456 247 525 neque
259 444 385 506 effectus·
395 460 508 518 caussa,
528 466 624 526 neque
637 465 739 506 caussa
753 446 860 507 effectu
874 465 975 509 carere
988 457 1094 526 potest,
1117 468 1186 509 nus·

35 543 149 607 quam
161 545 371 606 nequecaussa
384 527 556 600 inveniatur,
577 528 809 608 quamprimum,
830 548 928 608 neque
948 530 1077 600 effectos,
1100 550 1188 609 quem

31 606 197 669 anamim
207 627 272 669 esse
285 611 505 669 contendamus.
548 609 719 689 Eodemque
734 611 822 670 modo
835 610 865 669 in
878 610 973 689 figura
985 631 1024 670 ex
1038 611 1112 672 serie
1120 632 1187 690 par·

33 688 136 749 tium
148 689 304 769 equalium
317 691 479 769 composita
492 691 571 750 nulla
584 710 650 770 pars
664 702 718 763 est,
740 712 805 770 qua
818 691 983 751 necessario
996 693 1042 751 vel
1062 693 1188 771 primum

26 768 107 831 vel
121 770 256 832 ultimum
270 782 369 831 teneat
383 772 491 832 locum.
531 774 620 838 Quod
634 770 658 832 si
671 771 761 832 nihilo
776 774 870 832 minus
884 784 914 832 et
928 773 1046 833 inseris
1066 774 1187 840 effecto-

24 869 125 911 rum
139 865 172 915 ct
184 852 214 911 in
228 852 324 930 ligura
336 853 387 912 tali
400 852 519 932 aliquid,
541 854 622 932 quod
634 853 798 931 absolutum
821 854 867 925 sit,
888 854 1014 934 ideoque
1034 867 1188 937 utramque

25 932 149 1003 cortis
172 933 279 994 limbus
301 933 536 1006 circumscribat,
556 935 739 1014 requirimus:
768 936 887 995 omnino
911 935 1093 996 extrinsecus
1116 939 1190 999 illud

25 1016 267 1076 assumendum
281 1015 347 1086 erit,
366 1035 469 1077 verum
482 1016 534 1088 ita,
555 1027 599 1088 ut,
621 1036 674 1076 cur
687 1018 724 1077 sit
738 1017 954 1088 assumendum,
975 1037 1014 1077 ex
1028 1016 1090 1097 ipsa
1103 1020 1191 1081 effec-

21 1106 156 1155 torum
170 1096 246 1157 seria
259 1098 306 1157 vel
325 1096 521 1177 descriptione
540 1096 641 1176 figurae
664 1098 852 1177 intelligatur.
894 1100 960 1159 Erit
982 1099 1073 1178 igitur
1095 1102 1189 1179 primo
1278 1126 1282 1139 ¹

23 1178 261 1255 querendum,
281 1178 367 1259 quale
392 1178 440 1252 sit,
464 1180 544 1258 quod
565 1180 731 1239 absolutum
753 1180 812 1239 diei
824 1182 928 1260 possit,
949 1180 1065 1253 deinde,
1086 1202 1146 1261 qua
1158 1184 1189 1245 in

26 1275 95 1317 re
107 1261 232 1337 positum
246 1259 278 1318 id
290 1260 341 1330 sit3
361 1259 500 1340 denique,
519 1260 597 1320 unde
611 1281 674 1322 esse
687 1262 718 1322 id
732 1262 937 1322 assumendum
948 1281 1169 1341 cognoscamus.

101 1346 132 1400 4.
152 1340 407 1403 Considerabimus
420 1353 519 1403 autem
533 1343 627 1423 primo
640 1343 765 1406 initium.
805 1345 907 1423 Atque
927 1344 959 1402 in
975 1345 1050 1405 serie
1070 1345 1190 1407 effecto·

28 1437 127 1479 rum
140 1441 270 1484 caussam
283 1423 455 1494 absolutam,
476 1423 497 1484 i.
510 1443 537 1484 e.
552 1444 617 1504 quae
631 1438 712 1487 recte
726 1426 820 1505 prima
833 1425 891 1485 dici
912 1426 1021 1504 possit;
1042 1427 1070 1485 in
1093 1428 1186 1506 figura

35 1513 158 1562 autem
171 1516 284 1586 partem
297 1506 470 1579 absolutam,
490 1505 510 1565 i.
524 1525 552 1567 e.
571 1526 637 1585 quae
657 1508 787 1585 regulam
808 1506 1011 1586 descriptionis
1033 1523 1187 1584 monstret,

42 1586 226 1657 querimus.
265 1589 399 1667 Apparet
410 1606 490 1658 vero,
511 1588 588 1648 hanc
601 1599 693 1649 totam
706 1588 833 1649 absoluti
846 1589 995 1649 notionem
1015 1608 1053 1648 ex
1077 1590 1112 1649 iis
1133 1610 1186 1651 no-

49 1661 188 1728 tionibus
210 1686 285 1740 cuae,
305 1689 377 1747 quas
402 1669 534 1729 relativas
557 1668 722 1751 philosophi
746 1682 862 1730 vocant.
903 1671 980 1729 Nam
1003 1670 1026 1729 si
1048 1672 1128 1732 nulla
1141 1683 1186 1733 est

57 1759 173 1821 caussa,
193 1769 259 1830 quae
282 1764 363 1810 recte
387 1753 480 1830 prima
500 1750 559 1810 dici
582 1753 684 1830 possit,
712 1764 868 1832 propterea
888 1753 967 1833 quod
987 1752 1049 1830 ipsa
1068 1773 1185 1834 quoque

63 1830 312 1899 caussamhabere
326 1831 427 1903 debet;
447 1832 586 1912 nullaque
598 1831 700 1911 figure
719 1853 758 1893 ex
779 1835 909 1912 partibus
932 1834 1090 1912 equalibus
1114 1854 1185 1894 con·

69 1911 249 1991 surrupiam,
263 1932 329 1991 quse
342 1933 395 1992 pro
409 1915 543 1974 absoluta
555 1915 658 1993 regula
670 1916 718 1986 sit,
732 1926 889 1995 propterea
902 1916 980 1994 quod
994 1918 1055 1993 ipsa
1069 1936 1186 1996 quoque

72 1986 106 2046 ud
117 2006 282 2053 ceterarum
295 1989 423 2073 partium
436 1996 682 2074 comparationem
696 1997 843 2076 descripta
856 2008 918 2057 est:
939 2011 1070 2075 apertum
1084 2009 1139 2068 est,
1161 1998 1186 2057 si

10 2124 28 2164 ι
77 2074 316 2144 qunihilominus
330 2076 375 2136 vel
389 2078 482 2154 prima
495 2096 607 2150 caussa,
627 2077 675 2145 vel
695 2078 828 2139 absoluta
849 2076 952 2155 regula
975 2077 1098 2149 dicatur,
1120 2097 1187 2137 earn

78 2160 124 2209 ton
135 2174 184 2234 per
197 2175 229 2216 so
242 2157 285 2216 ita
296 2156 370 2230 dici,
386 2159 438 2217 sed
451 2158 494 2219 sic
508 2170 632 2231 tantum,
652 2170 686 2219 ut
699 2159 738 2218 ad
751 2160 847 2218 datam
862 2158 988 2237 aliquam
1011 2159 1058 2216 vel
1081 2159 1186 2219 seriem

80 2227 240 2311 chuerum
260 2228 308 2298 vel
321 2239 423 2318 figurae
443 2240 676 2319 descriptionem,
698 2241 735 2300 ad
749 2259 837 2319 quam
851 2239 967 2298 aliunde
981 2239 1114 2313 accedat,
1138 2259 1185 2300 re·

10 2332 14 2342 '
80 2304 178 2378 batur,
219 2320 300 2380 Data
319 2321 396 2380 enim
417 2322 514 2401 aliqua
533 2322 608 2381 serie
621 2321 792 2382 effectorum
805 2321 851 2381 vel
865 2320 1060 2399 descriptione
1074 2320 1186 2400 figurae,

10 2436 39 2482 ,Α
82 2405 100 2448 ⁸¹
116 2400 178 2477 quid
201 2400 319 2463 aliunde
344 2403 381 2462 ad
401 2422 466 2463 eam
485 2403 614 2474 accedit,
632 2404 663 2461 id
678 2404 745 2483 quia
760 2422 818 2463 non
832 2403 1134 2482 comprehensumest
1147 2422 1185 2464 ca

11 2514 41 2561 ἃ
81 2476 191 2543 ureret
205 2482 410 2563 descriptione,
432 2496 462 2544 et
475 2496 574 2544 tamen
587 2503 708 2544 accessu
721 2506 775 2545 suo
789 2484 943 2564 aliquid-in
962 2504 999 2545 ea
1021 2496 1115 2546 mutet
1138 2485 1184 2545 vel

10 2608 14 2640 ,
82 2549 170 2636 lltfiuit,
190 2583 249 2623 non
263 2577 360 2644 potest
373 2565 446 2625 illud
460 2585 532 2637 non,
553 2577 697 2645 quatenus
711 2567 787 2626 datae
807 2567 892 2625 seriei
913 2565 959 2624 vel
982 2565 1184 2645 descriptionis

10 2662 42 2743 ᾖ
80 2640 199 2706 lttlorrem
212 2646 363 2716 habemus,
384 2649 549 2707 absolutum
559 2647 694 2727 judicari,
716 2649 841 2726 ideoque
856 2648 885 2705 in
906 2658 1038 2725 tempore
1058 2647 1183 2720 initium,

10 2765 43 2804 ω
80 2719 207 2807 lunaque
220 2728 389 2788 mutationis
401 2747 513 2801 caussa,
534 2730 565 2789 in
585 2730 679 2808 spatio
700 2730 874 2809 principium
895 2727 1005 2806 regulae
1029 2738 1060 2787 et
1083 2748 1185 2790 norma

16 2828 23 2839 ·
80 2806 326 2870 unutuendorum
339 2809 441 2869 finium
453 2811 565 2871 haberi.
607 2811 707 2871 Veluti
720 2812 744 2869 si
757 2811 796 2870 ad
809 2830 924 2890 corpus,
939 2810 1019 2889 quod
1029 2809 1184 2889 impulsum

81 2888 224 2951 tectalinea
238 2903 380 2965 movetur,
394 2893 436 2952 vis
445 2892 501 2952 alia
511 2912 550 2952 ex
559 2891 678 2972 obliquo
688 2893 815 2964 accedit,
830 2892 880 2963 ibi,
892 2892 941 2950 ubi
952 2891 1068 2950 accedit
1082 2910 1117 2950 ea
1129 2892 1182 2964 vis,

34 2990 40 3003 ·
80 2968 184 3042 i'priore
197 2973 244 3032 via
257 2972 385 3034 declinat
399 2993 518 3054 corpus:
537 2994 604 3069 quas
617 2975 660 3032 vis
674 2974 743 3052 quia
755 2975 793 3033 ad
806 2974 933 3053 priorem
947 2973 1029 3032 illurn
1054 2973 1183 3055 corporis

34 3073 40 3083 ·
80 3056 168 3133 {lotum
179 3073 256 3114 nova
269 3055 394 3127 accedit,
414 3075 589 3128 necessario,
603 3056 720 3115 si‘hunc
731 3067 842 3114 motum
850 3067 1024 3133 spectamus,
1040 3056 1184 3128 absoluta,

79 3123 181 3210 ¹ltoqne
193 3137 362 3197 mutationis
376 3138 406 3195 in
419 3156 456 3197 eo
467 3149 549 3197 motu
561 3137 658 3207 factae,
681 3139 698 3196 i.
713 3157 740 3197 e.
752 3136 963 3206 declinationis,
977 3137 1070 3214 prima
1081 3156 1184 3198 caussa

11 3253 43 3293 a„
79 3219 118 3271 ett.
152 3214 265 3277 Eodem
286 3218 373 3278 modo
386 3219 417 3277 in
430 3219 524 3298 figura
539 3239 577 3278 ex
591 3220 721 3298 partibus
731 3219 890 3296 aequalibns
904 3228 1068 3290 constante,
1082 3238 1184 3297 quam·

10 3314 43 3374 qud
79 3283 115 3350 diu
124 3293 176 3355 itte
188 3309 286 3377 partes
304 3319 404 3359 omnes
417 3301 543 3379 aequales
556 3312 635 3372 sunt,
655 3300 735 3357 nulla
749 3316 848 3358 earum
861 3318 915 3378 pro
935 3299 1068 3358 absoluta
1079 3301 1183 3379 regula

10 3409 43 3456 „q
77 3382 120 3435 etl:
135 3379 184 3437 sed
197 3380 372 3460 simulatque
385 3381 424 3441 ad
437 3402 526 3441 unam
546 3401 645 3442 earum
656 3380 767 3459 aliquid
779 3381 926 3459 singulare
939 3380 1105 3453 accesserit,
1130 3402 1182 3441 ex·

16 3482 22 3492 ·
75 3465 155 3538 rupta
174 3466 391 3541 comparatione
413 3475 595 3536 caeterarum,
616 3464 661 3522 his
689 3463 851 3522 absolutam
874 3463 1016 3542 praebebit
1040 3463 1181 3541 regulam,

10 3580 43 3620 ,m
74 3546 153 3611 mum
166 3542 220 3605 sibi
233 3543 310 3603 inter
323 3564 372 3605 eas
382 3545 480 3605 locum
490 3546 649 3624 postulans.
1157 3575 1160 3581 ·

10 3690 19 3701 ὴ
103 3624 127 3682 5.
144 3624 211 3684 Jam
224 3624 382 3685 videndum
396 3638 457 3699 est,
472 3647 531 3707 qua
548 3628 578 3685 in
591 3646 624 3686 re
638 3626 764 3707 positum
785 3643 848 3684 esse
872 3624 979 3684 debeat
998 3623 1080 3696 illud,
1102 3625 1182 3703 quod

10 3743 42 3802 lu,
73 3698 107 3757 ul
118 3703 144 3763 in
155 3706 229 3766 serie
239 3706 420 3782 effectorum,
440 3709 487 3768 vel
501 3709 531 3767 in
544 3708 639 3788 figura
649 3707 813 3768 absolutum
827 3707 875 3767 sit.
916 3707 956 3766 Et
969 3706 1000 3765 in
1010 3704 1181 3765 effectorum

10 3823 42 3885 qu,
73 3783 131 3845 serie
143 3807 233 3866 quum
245 3788 339 3868 prima
353 3800 441 3870 atque
454 3789 588 3849 absoluta
602 3796 703 3850 caussa
711 3807 747 3848 ea
757 3788 805 3861 sit,
820 3809 885 3868 quae
895 3787 945 3848 illa
954 3788 1029 3847 serie
1040 3807 1098 3845 non
1110 3807 1180 3847 con·

72 3866 173 3941 lustu,
193 3869 247 3929 sed
269 3871 386 3930 aliunde
409 3871 534 3944 accedit,
555 3871 680 3951 ideoque
701 3889 759 3928 non
781 3882 814 3929 ut
835 3870 965 3939 effectus,
986 3869 1039 3928 sed
1053 3880 1182 3929 tantum-

10 3970 40 4032 1e
70 3948 142 4009 noto
154 3962 187 4010 nt
197 3970 300 4012 caussa
313 3962 447 4032 apparet3
467 3970 571 4012 caussa
583 3964 681 4012 autem
695 3952 800 4022 omnis,
821 3972 887 4030 quse
899 3962 1013 4011 tantum
1025 3962 1059 4010 ut
1069 3970 1180 4026 caussa,

10 4053 38 4113 op
68 4032 213 4093 maiam
227 4045 261 4093 ut
273 4032 395 4094 effectus
408 4033 619 4105 consideratur,
640 4034 671 4091 in
690 4034 719 4091 vi
741 4034 838 4113 aliqua
856 4034 894 4093 sit
914 4032 1026 4112 posita:
1046 4046 1180 4113 apertum

10 4136 36 4195 50
67 4121 241 4175 mmmmm
255 4115 419 4176 absolutam
431 4134 492 4174 non
504 4116 560 4175 nisi
574 4116 604 4174 in
618 4115 647 4174 vi
667 4114 764 4193 aliqua
786 4116 867 4175 cerni
889 4132 984 4194 posse.
1026 4114 1061 4173 ln
1086 4116 1181 4194 figura
1277 4114 1279 4123 '

10 4218 34 4276 ῃ
66 4204 149 4255 utem
163 4197 295 4277 regulam
308 4197 435 4257 habente
446 4216 536 4275 quum
546 4196 712 4256 absolutum
722 4198 759 4255 sit
773 4195 814 4268 id,
835 4196 914 4276 quod
923 4195 1026 4274 regula
1038 4215 1097 4255 non
1109 4215 1180 4256 con.

64 4272 171 4348 tinctor,
192 4279 245 4339 sed
257 4279 405 4357 singulare
418 4290 474 4348 est,
494 4278 621 4358 ideoque
633 4297 692 4337 non
707 4289 741 4337 ut
750 4297 817 4356 pars
830 4278 939 4354 pariter
953 4298 971 4337 a
991 4280 1103 4337 caeteris
1115 4296 1180 4356 par·

62 4356 128 4420 rum
140 4359 262 4423 definita
270 4372 360 4441 atque
373 4360 437 4421 illas
446 4358 599 4433 definiens,
620 4360 673 4449 sed
684 4359 743 4419 hoc
753 4359 957 4419 tantummodo
966 4361 1072 4432 solum,
1086 4372 1120 4419 ut
1130 4357 1181 4421 de·
