2694 4866
571 256 654 319 LIB.
672 258 715 321 ιι.
734 255 828 321 CAP.
848 254 903 319 VI.
961 346 968 361 .

259 459 412 527 Lon-a

262 557 422 624 ὗυυυυῦ

183 683 214 736 et
227 672 258 732 in
271 673 407 748 catalexi,
421 692 479 756 quo
492 673 559 734 loco
573 671 656 748 arsis,
668 692 733 756 quar
747 681 880 734 extrema
892 680 948 747 est,
961 669 1118 754 ancipitem
1128 669 1243 754 recipit,
1342 684 1343 688 ’

263 789 390 857 Lau-⁸!-

193 904 196 909 ’
262 886 311 954 (w
324 923 348 954 υ
362 909 404 956 Ξ..

183 1003 295 1145 quqne
312 1005 400 1078 enim,
415 1015 448 1064 ιιι
471 1003 501 1062 in
513 1003 589 1065 libro
601 1003 695 1084 primo
716 1002 905 1076 ostendimus,
925 1001 1029 1063 ultima
1049 1000 1120 1063 arsis
1132 1001 1298 1064 solutionem

182 1103 201 1147 a
251 1086 320 1148 irrir.
1341 1092 1343 1101 ’

225 1172 254 1226 2.
275 1149 449 1247 Hephaestio
461 1166 567 1246 aliique
587 1166 770 1245 grammatici
786 1166 913 1228 comicos
934 1177 1058 1245 utraque
1071 1166 1101 1225 in
1121 1177 1207 1247 parte
1226 1165 1298 1245 dipo-

183 1247 297 1307 diarum
320 1248 407 1308 etiarn
431 1248 559 1328 dactylo,
582 1249 744 1329 etquidem
765 1248 919 1328 saepissime
939 1266 1009 1307 usos
1030 1267 1093 1308 esse
1114 1246 1298 1309 contendunt.

184 1328 274 1395 Quod
296 1349 385 1408 quum
410 1330 621 1424 Aristophanes
642 1342 722 1389 certe
746 1349 897 1408 nusquam,
922 1329 976 1388 nisi
989 1330 1026 1387 in
1049 1329 1167 1390 nomine
1180 1327 1298 1423 proprio,

183 1409 300 1481 fecerit,
310 1422 344 1470 ut
351 1430 507 1490 permirum
519 1411 566 1483 sit,
580 1430 604 1470 si
596 1411 661 1471 alii
672 1410 776 1470 comici
768 1411 914 1488 pluqsibi
927 1411 1040 1470 licitum
1054 1430 1119 1471 essa
1128 1409 1299 1476 censuerint;

110 1540 122 1549 .,
186 1491 379 1551 dubitandum
392 1491 515 1561 videtur,
530 1512 568 1552 an
581 1493 658 1552 hac
650 1512 680 1551 m
693 1512 726 1553 re
739 1511 797 1551 non
817 1489 942 1549 multum
955 1490 1141 1550 tribuendum
1155 1491 1194 1550 sit
1213 1507 1299 1585 gram·

185 1572 310 1634 matiois.
350 1573 428 1632 Satis
441 1573 518 1632 enim
528 1585 653 1644 constat,
667 1593 744 1654 aaepe
758 1582 964 1650 eospraecepta
977 1589 1030 1630 sua
1043 1571 1205 1650 espancis
1218 1572 1300 1650 iisque

185 1671 246 1712 non
260 1654 339 1712 omni
361 1665 497 1733 exparte
519 1653 708 1714 consideratis
728 1654 800 1713 locis
820 1651 948 1731 petiisse.
989 1653 1055 1718 Qua
1074 1671 1107 1713 re
1126 1652 1307 1724 adducimur,

185 1751 238 1797 eos
250 1733 299 1795 hic
314 1755 430 1815 quoque
443 1734 498 1794 etsi
517 1754 577 1796 non
590 1753 708 1813 prorsus
731 1731 812 1804 falsa,
827 1743 968 1792 attamen
986 1752 1024 1792 ne
1038 1732 1268 1826 omniquidem
1267 1750 1302 1793 ex

185 1827 285 1911 parte·
289 1836 358 1876 vera
381 1815 542 1876 tradidisse.
582 1815 660 1874 Nam
683 1814 806 1893 quinon
829 1814 868 1873 ad
886 1813 1040 1894 synizesin,
1054 1834 1114 1874 non
1134 1813 1174 1874 ad
1194 1813 1303 1875 nomina

185 1898 315 1977 propria,
338 1916 399 1956 non
419 1897 458 1957 ad
471 1916 507 1956 ea
528 1897 679 1969 vocabula,
703 1916 769 1975 qua
787 1914 887 1975 parem
910 1915 979 1956 cum
1000 1896 1123 1976 propriis
1146 1896 1343 1987 nominibus

186 1977 335 2039 licentiam
348 1977 468 2051 habent,
481 1977 609 2037 animum
623 1977 821 2049 advertunt‚''
802 1997 832 2050 ιι,
845 1977 1017 2036 nonmirum
1026 1989 1080 2052 est,
1094 1997 1118 2037 si
1110 1977 1221 2038 multa
1228 1975 1305 2036 licita
1339 1954 1343 2043 ι

186 2079 251 2125 esse
264 2069 378 2140 putant,
393 2079 458 2139 quae
471 2069 591 2120 autnon
604 2070 672 2119 sunt
685 2059 832 2138 permissa,
847 2070 897 2118 aut
907 2058 994 2118 certis
1008 2069 1121 2118 tantum
1136 2056 1303 2119 conditioni·
1336 2046 1343 2207 p

187 2141 243 2201 bus
257 2141 484 2201 conceduntur.
509 2141 688 2220 Hujusmodi
702 2141 836 2220 exempla
849 2140 1008 2219 quaedam
999 2159 1030 2197 ιιι
1043 2140 1164 2218 singulis
1176 2156 1305 2201 versuum

187 2223 406 2285 trochaicorum
431 2224 587 2303 generibus
615 2222 781 2283 afferemus.
827 2223 906 2289 Quin
929 2221 1029 2280 Latini
1054 2241 1170 2300 qnoque
1195 2218 1335 2291 comici.

186 2305 282 2364 multo
295 2305 337 2362 illi
359 2305 556 2385 pluraquam
579 2304 690 2398 Graeci,
709 2305 763 2363 sibi
786 2302 1014 2382 indulgentes,
1005 2322 1037 2361 ιιι
1059 2302 1169 2385 dactyli
1192 2300 1303 2363 usuali·

186 2397 298 2463 quanto
321 2385 522 2460 modestiores,
543 2404 630 2463 quam
649 2385 680 2442 in
703 2385 815 2459 iambis,
838 2386 976 2446 fuerunt:
999 2384 1077 2463 apud
1090 2400 1163 2463 quos
1184 2384 1304 2447 enims

185 2484 270 2524 rarus
281 2465 330 2525 hic
343 2485 395 2545 pes
409 2476 463 2537 est,
477 2466 519 2525 ita
538 2475 717 2525 tamencum
737 2466 850 2525 caeteris
862 2466 985 2544 pedibus
1005 2465 1177 2537 immiscent,
1193 2479 1227 2525 ut
1238 2463 1302 2525 troi·

185 2545 245 2605 lius
259 2546 421 2619 delitescat,
436 2546 516 2626 quod
528 2565 608 2607 nunc
627 2546 770 2626 prosodia
784 2548 973 2627 ambiguitate
987 2557 1217 2641 consequuntur,
1231 2561 1302 2605 nuno

187 2645 236 2700 eo,
250 2628 331 2706 quod
343 2639 455 2700 carent,
470 2647 519 2702 ne,
540 2638 681 2707 quantum
694 2627 758 2688 lieri
776 2629 878 2709 possit,
892 2649 959 2688 cum
979 2628 1105 2721 dactylo
1116 2629 1205 2688 etiarn
1224 2643 1302 2687 voot-

186 2709 289 2770 bnlum
312 2709 437 2771 finiatur.
478 2709 656 2770 Desiderant
677 2710 753 2769 enim
766 2711 908 2771 trochaici
927 2729 1038 2783 versus,
1051 2708 1129 2768 utin
1151 2724 1303 2788 praegrcssa
1338 2708 1343 2759 ι

117 2804 120 2809 ’
187 2791 286 2886 capite
300 2791 488 2864 ostendimus,
509 2791 693 2853 rotundiores
706 2811 851 2864 numeros,
867 2812 954 2872 quam
973 2790 1099 2851 iambici.
1141 2782 1343 2886 Spondeunl

186 2871 219 2930 in
232 2871 390 2951 imparibus
402 2873 475 2932 locis
494 2874 602 2933 scenici
594 2873 787 2933 Latinorum
801 2877 907 2953 poe’tae,
922 2873 1082 2932 communia
1094 2870 1343 2985 pronunciatio-⁴.

187 2954 234 3011 nis
246 2953 454 3032 negligentiam
468 2954 592 3032 sequuti,
607 2974 666 3013 non
686 2954 884 3015 reformidant.
925 2954 1023 3014 Graeci
1036 2955 1073 3013 ab
1086 2953 1131 3012 his
1145 2953 1219 3017 locis
1231 2934 1343 3013 huno!

187 3031 294 3114 pedem
307 3054 424 3112 prorsus
437 3046 548 3094 arcent.
757 3075 759 3080 -
1318 3030 1343 3123 ἰ

231 3119 260 3174 3.
280 3115 409 3174 inomni
429 3135 536 3194 genere
550 3136 736 3176 numerorum
757 3136 822 3196 quae
836 3127 967 3177 extrema
980 3127 1047 3177 sunt
1067 3116 1232 3177 accuratius
1244 3132 1303 3197 pro·
1341 3144 1343 3149 ·

187 3195 282 3291 priam
312 3196 425 3255 numeri
454 3208 587 3256 naturam
611 3217 782 3258 conservare
804 3199 900 3271 decet,
922 3199 1058 3278 quoniam
1079 3197 1109 3256 in
1132 3196 1178 3257 his
1202 3209 1231 3258 et
1252 3210 1303 3255 soa
1340 3230 1343 3275 3

133 3298 135 3305 ⁴
189 3276 359 3356 acquiescit,
374 3289 404 3336 et
418 3278 546 3352 auribus,
554 3298 612 3338 non
626 3280 723 3339 statim
734 3292 874 3358 sequente
885 3279 941 3338 alio
941 3298 1086 3373 numero,
1097 3278 1163 3357 plus
1173 3275 1301 3357 temporis
1340 3284 1343 3351 ζ

190 3358 230 3416 ad
250 3357 474 3418 attendendum
482 3359 662 3420 conceditur.
701 3361 806 3439 Itaque
828 3361 915 3421 etiam
939 3360 970 3418 in
994 3359 1148 3419 trochaicis
1172 3360 1302 3426 versibus,
1340 3355 1343 3376 ¹

191 3438 243 3520 qui
267 3439 429 3500 catalectici
459 3452 536 3514 sunt,
560 3441 692 3500 ultimum
724 3441 855 3502 ordinem
878 3444 915 3502 ab
939 3441 1033 3501 alieno
1060 3459 1182 3500 numero
1206 3455 1303 3521 purum
1341 3442 1343 3519 ζ

113 3578 117 3585 ,
188 3531 316 3592 servus,
341 3531 424 3581 uteo
438 3520 468 3579 in
490 3521 556 3581 loco
569 3542 607 3582 ne
627 3523 726 3582 Latini
740 3523 856 3602 quidem
880 3529 991 3602 poe'tae
984 3522 1084 3582 alium
1104 3541 1158 3600 pro
1182 3521 1303 3581 trocheo
1341 3544 1343 3603 3

187 3601 304 3696 pedem,
322 3621 417 3697 quarn·
428 3603 617 3674 tribrachum,
631 3603 807 3665 admiserint.
847 3605 954 3685 Neque
974 3603 1014 3664 ibi
1033 3621 1122 3686 pravo
1142 3602 1212 3684 pedi
1229 3611 1305 3663 ants
1340 3608 1343 3665 ἑ

188 3699 313 3744 nomine
320 3703 437 3767 proprio
450 3696 502 3745 aut
515 3685 574 3747 ulla
587 3685 644 3746 alra
657 3686 693 3746 ab
707 3705 739 3746 re
752 3705 837 3746 venia
850 3698 904 3747 est
1341 3694 1343 3727 ³

562 3919 563 3922 ι
643 3871 759 3948 OAP.
786 3871 857 3947 VI.

187 4060 239 4115 DE
264 4063 490 4117 Taocrnsscls
515 4062 776 4133 MONOMETNS‚
802 4068 997 4134 DIMETRIS,
1024 4067 1072 4118 ET
1098 4061 1307 4119 ammessia.

231 4210 258 4266 l.
280 4205 328 4265 Ex
342 4209 471 4270 versibus
491 4208 656 4284 trochaicis,
671 4211 722 4290 qui
740 4229 794 4292 per
808 4209 938 4291 dipodias
958 4164 1108 4279 incedunt,
1129 4208 1237 4289 primo,
1248 4217 1309 4268 ιιιι

188 4287 402 4348 brevioribus
393 4291 506 4351 mitium
534 4291 684 4366 iaciamus,
714 4293 960 4353 commemorandi
984 4304 1052 4353 sunt
1075 4301 1258 4351 monomemr
1275 4290 1311 4349 ιιι

127 4393 130 4399 ·
187 4367 312 4432 dimeter
325 4372 488 4453 acatalecti,
509 4384 573 4436 tum
586 4373 711 4439 dimeter
732 4373 929 4440 catalecticus.
969 4374 1014 4440 ιιι
1026 4373 1199 4458 plerumque
1211 4374 1310 4435 omnes

750 4470 768 4516 c
