2694 4866
391 237 668 327 nnvnusmos
694 254 901 327 cramus.
1130 258 1187 350 iao

220 414 347 519 religios.
367 435 443 495 isarel
458 436 558 517 wlgeri
573 435 672 502 ml,
707 448 710 453 '
784 404 787 409 Ι
807 406 813 455 l

258 564 261 571 .
300 521 346 577 aul
359 519 394 576 sal
409 517 591 598 rogantr'pt'sra·
612 564 615 571 .

81 628 255 710 lespondent
268 649 296 692 r.
315 634 410 692 1091:
422 649 502 709 seqq.
550 632 555 637 ’

101 716 149 770 14.
164 710 322 771 Videamus
330 730 409 769 nunc
416 712 547 771 Latinos.
567 709 683 768 Horum
693 720 724 769 et
732 710 835 788 tragici
848 724 879 773 et
892 711 997 773 comici
1010 719 1178 772 tetrametro

80 791 243 853 otissimum
264 793 308 851 usi
320 792 398 853 sunt.
437 791 537 850 Livius
551 791 739 859 Andronicus
757 791 789 850 iu
810 793 897 872 Equo
916 797 1060 875 Trojsnoa

655 907 766 963 dimitri
925 935 938 964 x
966 964 970 968 .

130 977 372 1121 ppppefflppeaquis
383 989 456 1050 peto,
469 978 653 1052 quisprecorr
668 980 780 1078 porrige,
1004 994 1017 1021 ⁸

81 1151 176 1212 lunius
189 1153 221 1212 in
241 1143 467 1217 Andromacha:

130 1238 295 1342 quidpetsm
301 1234 427 1396 praesidi,
438 1280 485 1325 aut
496 1269 633 1343 exsequar,
650 1269 735 1393 (puoso
749 1240 823 1327 nunc

130 1342 179 1396 aiut
189 1340 289 1407 ausilio
317 1336 377 1396 xsili
388 1343 435 1397 adt
446 1339 506 1412 fuga
516 1339 584 1396 freta
602 1342 650 1395 sim
925 1385 928 1391 .

131 1410 193 1466 irre
204 1421 232 1466 et
243 1412 308 1468 tirbe
318 1413 382 1468 orba
393 1430 466 1471 sum:
488 1428 540 1482 quo
553 1409 688 1466 siccidam?
706 1429 758 1486 quo
771 1411 924 1484 ipplicem?

80 1523 111 1572 ta
123 1514 187 1572 haec
199 1514 352 1574 scribenda
365 1524 442 1575 sunt.
484 1514 627 1573 Pacuvius
641 1515 800 1576 Atalanta:

132 1648 191 1702 quae
203 1631 339 1703 aegritudo
351 1632 469 1688 insolens
480 1621 596 1688 mentem
608 1618 723 1688 attentit
735 1618 829 1688 tuam?

81 1734 114 1808 lx
140 1736 237 1796 Ennio
257 1738 336 1816 quod
356 1737 521 1817 exemplum
549 1738 644 1810 attuli,
671 1738 807 1810 ostendit,
834 1737 962 1816 tragicos
989 1756 1116 1818 quoque,
1144 1746 1178 1798 ut

81 1817 200 1891 comicos,
213 1818 292 1878 hunc
305 1838 419 1878 versum
433 1830 629 1898 asyuartetum
643 1838 681 1879 ex
695 1813 808 1880 duobus
821 1817 951 1879 dimetris
965 1838 1027 1878 esse
1040 1819 1180 1880 voluisse.

81 1897 212 1958 lentleius
232 1900 319 1958 etiarn
341 1900 466 1958 molosso
488 1900 541 1960 eos
560 1901 601 1958 uti
624 1901 735 1959 monuit
756 1900 795 1958 ad
819 1899 882 1959 Cic.
897 1903 934 1966 Q.
948 1901 1036 1959 Tusc.
1057 1899 1115 1975 ΙΙΙ.
1131 1905 1181 1962 19.

81 1979 227 2040 tTerent.
244 1979 371 2058 Adelph.
385 1981 438 2040 IV·
451 1987 481 2051 4,
497 1987 525 2042 2.
540 1981 590 2058 qui
610 2000 662 2058 pes
682 1992 779 2040 tamen
800 1981 842 2038 ita
859 1981 1014 2059 temperari
1035 1981 1119 2050 solet,
1145 1991 1180 2039 ut

81 2071 116 2198 pst
133 2072 251 2140 propter
271 2061 489 2138 ambiguitatem
510 2081 735 2145 mensuraesnon
758 2062 796 2121 sit
817 2061 969 2135 molossus,
991 2060 1068 2121 utin
1082 2060 1179 2120 Plauti

97 2142 194 2220 aptivis
209 2143 251 2201 ll.
267 2147 294 2214 l,
312 2147 359 2202 11.
376 2209 379 2225 μ

133 2259 179 2314 adt
191 2258 292 2342 solutos
303 2257 380 2324 duat
393 2229 578 2330 quosargento
590 2257 692 2324 emerit,

81 2351 111 2422 rel
123 2364 170 2421 ubi
183 2363 301 2423 concede
313 2362 381 2434 tta·
390 2357 483 2423 recede
494 2362 600 2435 tacet
608 2362 711 2422 similia
720 2372 846 2423 retracto
860 2361 890 2422 in
903 2361 1025 2443 primam
1037 2360 1178 2442 syllabam

81 2436 186 2504 lcceotu
199 2445 354 2513 dicuntur;
373 2454 424 2503 sut
446 2462 465 2504 a
484 2443 724 2523 pronunciatione
747 2454 902 2527 accentum
923 2443 1018 2504 solnm
1037 2453 1180 2525 sequente
1291 2474 1296 2482 ·

81 2524 243 2596 obscuretur,
258 2516 334 2584 utin
349 2521 486 2615 lludente
500 2524 526 2597 1,
540 2531 570 2597 5,
587 2531 635 2589 15.
651 2528 700 2588 19.
770 2549 771 2552 ’
809 2595 812 2600 ,

130 2640 234 2721 quaere
242 2643 333 2730 ejectas
345 2618 361 2695 d
372 2641 438 2696 muri
449 2640 651 2708 embaisumus,
660 2652 689 2698 te
700 2641 818 2698 obsecro.

133 2715 162 2767 ut
174 2723 222 2768 tuo
233 2729 343 2783 recaptus
355 2711 437 2795 ιὲοιο,Ι
449 2712 588 2785 servesque
597 2730 658 2791 unos.

850 2790 855 2797 a

81 2815 221 2896 baetylum
233 2799 306 2875 vero
317 2833 371 2894 pro
384 2814 524 2887 trocheo,
538 2815 558 2878 i.
571 2835 599 2876 e.
612 2815 809 2875 choriambum
824 2832 877 2894 pro
891 2813 1009 2877 Cretico
1022 2831 1081 2873 non
1095 2811 1179 2873 aliter
1264 2836 1279 2870 α

81 2897 212 2967 nocueris,
238 2915 324 2976 quum
348 2908 382 2955 ut
404 2916 457 2976 per
479 2896 749 2975 pronunciationem
769 2896 862 2975 magis
886 2906 1005 2974 quartus
1017 2913 1102 2974 paeon
1115 2912 1180 2954 esse
1291 2925 1329 2978 ‘x

81 2977 201 3050 tumtur,
227 2989 261 3036 ut
286 2977 427 3051 continuo,
451 2976 780 3058 attramentarium
803 2987 854 3050 est,
878 2987 962 3057 atque
976 2995 1111 3056 ,operam
1132 2973 1180 3034 vel

81 3060 149 3120 etiarn
163 3057 307 3131 Creticus,
322 3069 355 3116 ut
368 3053 435 3137 quoi
448 3061 571 3119 osismos.
613 3058 689 3116 Nam
702 3059 831 3117 miserum
845 3076 921 3136 saepe
935 3057 1047 3116 duabus
1060 3056 1184 3138 syllabis

81 3141 300 3205 renunciabant.
340 3138 417 3207 Haejc
430 3151 518 3217 atque
530 3140 587 3199 ulia
605 3139 740 3217 exempla
752 3140 782 3197 in
795 3138 876 3209 locis,
891 3156 965 3216 quos
982 3137 1058 3197 iufra
1077 3136 1178 3197 affere-

81 3234 135 3296 mus,
155 3221 318 3299 legentibus
331 3232 497 3280 occurrent.
537 3221 573 3279 ln
593 3221 695 3281 ultimo
708 3219 783 3299 pede
796 3238 931 3280 versuum
943 3217 1087 3299 posterior
1107 3215 1179 3278 ersis

81 3317 124 3362 ton
135 3304 263 3371 solvitur,
279 3301 330 3360 sed
343 3312 519 3379 ancepsest.
1023 3345 1026 3352 .
1129 3340 1131 3344 ι
1186 3316 1189 3339 ·

106 3389 149 3456 16.
158 3383 342 3445 Testametro
351 3381 525 3447 comicifere
533 3400 647 3461 semper
655 3392 786 3443 utuntur.
805 3379 972 3460 Aliquando
983 3391 1080 3441 tamen
1088 3379 1178 3442 etiam
1294 3435 1302 3454 ,

81 3464 182 3526 limeter
204 3462 389 3523 admiscetur.
430 3462 584 3543 Exempla,
603 3463 745 3542 ¹quoniam
770 3461 846 3523 infre
870 3461 939 3522 satis
962 3461 1054 3522 multa
1080 3460 1181 3521 daturi·

81 3564 167 3618 umus,
182 3545 230 3604 hic
240 3544 409 3604 omittimus.

103 3633 148 3689 16.
169 3625 237 3685 Fuit
249 3638 357 3692 autem,
373 3636 406 3683 ut
415 3628 475 3704 jam
487 3624 686 3698 indicavimus,
699 3625 749 3705 hic
763 3642 991 3705 quoqueversus
1005 3621 1042 3683 ad
1056 3639 1173 3702 asynar.

81 3720 186 3768 storum
199 3705 366 3784 exemplum
378 3705 574 3765 conformatus
585 3730 596 3767 r
615 3706 692 3779 unde
702 3705 733 3763 in
746 3704 867 3765 secundi
879 3704 961 3784 pedis
973 3704 1032 3765 line
1045 3715 1076 3766 et
1088 3701 1176 3782 sylla·

81 3806 216 3868 auneeps
230 3798 262 3848 et
273 3787 369 3846 hiatus
382 3786 480 3846 locum
492 3787 590 3847 habet.
631 3786 752 3848 Plautus
765 3785 875 3866 Amph.
888 3787 915 3846 l.
930 3790 958 3860 l,
973 3789 1022 3855 86.
1073 3803 1075 3807 ·
1112 3817 1115 3821 ’
1174 3812 1177 3817 ·

127 3890 241 3979 quisque
250 3913 282 3959 ut
293 3903 411 3971 steterit,
417 3905 499 3976 jacet,
510 3905 664 3976 obtinetque
674 3904 802 3963 ordinem.
856 3882 860 3915 ¹

81 4030 171 4112 ltpro,
182 4023 349 4113 utipraebet
363 4022 523 4109 cod‚‚Lips.
537 4026 603 4086 crs.
617 4024 660 4085 ΙΙ.
673 4027 705 4107 2,
722 4029 769 4101 16.
787 3986 896 4098 osso.
937 4013 940 4018 ’

123 4142 178 4199 neo
190 4130 256 4194 mihi
263 4129 406 4210 jirsmeum
418 4122 555 4195 obtinendi
571 4139 645 4212 optio
657 4149 707 4209 ost.
784 4144 789 4157 ¹

123 4212 192 4284 quin
203 4209 263 4266 viro
272 4219 320 4264 sut
329 4207 533 4276 ‘subtrahebam
544 4221 636 4282 stupro
646 4209 785 4270 invinerit.

122 4285 190 4349 mox
201 4279 760 4427 ιιιιςίεᾳιιοωόῑὶυω,·ὀιὶηῖῆἰεὲἰξξ1661.
