2694 4866
454 269 512 334 nr
533 268 675 332 vorsu
696 268 900 367 nuaorco.
1067 340 1071 353 ¹
1182 269 1239 328 111

57 488 64 521 ·.
106 440 301 522 Antiquiores
311 449 341 502 et
349 407 523 501 *Graecorum
534 452 564 500 et
574 443 771 513 Romanorum
779 440 875 518 poeta
884 435 969 495 aliter
978 406 1104 508 sensere,
1119 433 1168 515 qui
1178 454 1245 498 noa

57 554 71 563 -
107 524 198 584 modo
222 525 295 583 duos
320 534 432 582 tantum
459 523 504 581 vel
529 540 617 580 unum
642 520 792 600 dactylum
812 519 843 577 in
863 518 1006 598 principio
1021 528 1190 598 posuerunt,
1205 526 1239 577 ut

109 605 251 685 Virgilius
266 606 376 683 Georg.
391 605 448 663 111.
463 608 532 668 376.

57 748 67 793 ,ς-
177 740 244 778 saxa
254 740 301 794 per
317 733 346 778 et
357 721 478 794 scopulos
489 731 517 777 et
528 721 671 793 depressas
676 719 818 787 convalles,
866 788 870 795 Ι

57 838 67 857 ’
106 825 242 886 Catullus
257 827 400 886 LXVlll.
422 828 472 892 87.

181 961 242 998 nam
254 953 311 998 tum
322 941 435 998 Helena
446 952 523 1015 raptu
535 943 662 1014 primores
673 940 841 1013 Argivorum,

60 1106 65 1113 ,
104 1046 160 1107 sed
173 1045 319 1107 interdum
340 1048 427 1108 etiam
440 1049 508 1107 solis
523 1035 644 1107 utuirtur
658 1046 803 1126 spondeis,
818 1024 851 1104 ut
866 1045 1013 1104 Homerus
1027 1041 1110 1103 Iliad.
1124 1059 1152 1102 a.
1168 1046 1236 1105 130.

190 1163 324 1245 ’Argaidm'
339 1166 373 1224 ad
388 1163 410 1224 δ’
431 1160 491 1226 αἵτ’
505 1167 532 1227 ἐκ
546 1164 635 1246 δίφρου
649 1162 823 1240 γουιαζὲ0911·

57 1246 62 1251 ’
108 1292 425 1356 divinanarum.
466 1270 1063 1370 rnet'nmassr.orassem„
1080 1293 1146 1355 175.
1164 1291 1234 1349 rsa

108 1375 163 1434 lon
180 1376 271 1437 Chius
285 1377 315 1434 in
329 1377 468 1436 Brunckii
493 1377 580 1436 Auel.
606 1378 641 1435 Τ.
666 1379 691 1437 Ι.
715 1397 744 1456 p.
771 1379 838 1436 163.
850 1373 953 1454 fragm.
978 1375 1019 1434 ΙΙ.
1034 1379 1063 1434 5.
1104 1369 1217 1430 Ennius

109 1455 195 1539 (ride
209 1458 355 1516 Merulam
368 1479 398 1538 p.
415 1464 482 1523 197.
497 1464 565 1520 346.
581 1458 667 1539 317.)

58 1586 62 1591 ·
181 1573 230 1629 0111
241 1576 383 1646 respondet
393 1593 441 1630 rex
453 1575 531 1629 Albai
543 1574 640 1646 longai.

180 1645 252 1700 cives
264 1647 378 1700 Romani
390 1657 453 1701 tunc
465 1645 529 1700 iacti
546 1655 608 1700 sunt
625 1645 762 1716 Campani.

57 1736 70 1759 r
179 1717 296 1771 Romani
308 1718 389 1772 muris
401 1717 497 1772 Albam
509 1717 649 1772 cinxerunt
659 1719 788 1788 Longam.

110 1819 268 1880 Lucretius
283 1822 336 1881 VI.
354 1826 442 1882 1133.

57 1904 67 1921 '¹
179 1955 214 1992 an
227 1937 319 1992 caelum
332 1938 409 1994 nobis
420 1947 514 1993 natura
525 1937 597 1994 ultro
608 1947 768 2010 corruptum.

111 2040 243 2101 Catullus
259 2042 368 2101 CXVI.
381 2045 410 2102 3.

180 2158 277 2232 quiete
289 2160 399 2216 lenirem
415 2160 500 2228 nobis,
512 2179 547 2229 ne
558 2179 692 2218 conarere.

149 2285 202 2342 25.
228 2283 355 2345 Ultimus
379 2306 431 2366 pes
456 2287 582 2347 dubitari
605 2297 713 2367 potest,
737 2295 835 2345 utrum
857 2283 1002 2364 spondeus
1016 2293 1119 2344 natura
1132 2300 1236 2346 suaan

57 2430 61 2437 ¹
109 2362 255 2423 trochaeus
269 2366 314 2425 sit.
356 2369 458 2448 Atque
471 2369 550 2428 haud
574 2371 645 2441 scio,
671 2388 708 2427 an
731 2387 798 2427 eum
822 2367 852 2424 in
875 2366 1051 2428 hexametris
1072 2364 1237 2446 dactylicis,

111 2444 217 2523 quibus
230 2448 356 2526 tragicos
372 2450 413 2508 uti
428 2470 515 2529 supra
535 2449 646 2509 dictum
670 2461 724 2524 est,
749 2449 920 2528 plerumque
943 2448 1104 2528 spondeum
1127 2448 1236 2527 potius,

57 2526 69 2601 ζ,
110 2544 197 2603 quam
212 2529 371 2589 trochaeum
386 2550 448 2591 esse
462 2532 567 2600 dicam,
590 2531 726 2611 quoniam
748 2531 779 2589 hi
792 2549 892 2590 versus
905 2550 958 2610 per
971 2529 1102 2610 dipodias
1115 2529 1237 2609 dactyli·

57 2620 70 2687 Γ
112 2625 162 2665 cas
177 2607 326 2682 incedunt,
352 2613 492 2692 aequalem
508 2614 615 2692 ubique
629 2632 745 2672 cursum
759 2623 917 2673 servantes.
956 2613 992 2672 111
1006 2611 1125 2670 heroico
1138 2622 1237 2670 autem

57 2726 61 2733 -
108 2706 203 2757 versu,
219 2709 237 2748 a
251 2711 307 2770 quo
321 2693 376 2753 ista
390 2694 523 2752 ordinum
537 2694 685 2774 aequalitos
701 2695 792 2765 abest,
814 2693 922 2772 quique
941 2711 1018 2771 saepe
1032 2691 1119 2751 etiam
1133 2690 1164 2748 in
1178 2711 1238 2750 me·

57 2766 81 2831 “,
109 2767 159 2828 (110
186 2773 364 2833 trochaicam
389 2776 546 2835 clausulam
570 2776 670 2848 habet,
691 2794 757 2855 quae
769 2778 840 2836 aeri
867 2777 947 2858 rgr'ru
967 2780 1084 2856 τςοχαῒον
1107 2783 1239 2847 vocatur,

110 2860 195 2910 tanto
210 2853 401 2915 confidentius
416 2856 548 2916 ultimum
562 2857 667 2936 pedem
682 2857 841 2916 trochaeum
855 2875 919 2914 esse
933 2851 1144 2925 contenderim,
1158 2853 1238 2932 quod

111 2930 362 2997 isirrationalibus
375 2936 498 3018 dactylis
512 2939 598 2998 etiam
614 2939 709 3017 aptior
729 2957 802 3008 esse,
825 2957 911 3016 quam
935 2936 1091 3015 spondeus,
1113 2934 1239 2994 videtur.
1299 2984 1302 2991 .

111 3010 223 3072 Verum
237 3017 267 3075 id
281 3018 351 3076 nihil
365 3017 495 3099 impedit,
512 3019 581 3098 quin
594 3023 707 3099 poetas,
722 3020 772 3078 ubi
785 3019 907 3079 liberum
917 3029 989 3089 erat,
1004 3017 1135 3076 breviari
1149 3016 1240 3095 longa

111 3095 222 3173 syllaba
235 3097 318 3158 linire
337 3119 451 3159 versum
465 3100 582 3172 vellent,
597 3102 713 3180 longam
727 3100 888 3180 praetulisse
903 3100 1073 3174 credamus.
1105 3097 1181 3156 Nam
1207 3099 1237 3156 in

113 3176 172 3234 fine
185 3198 286 3238 versus
301 3181 436 3259 quoniam
452 3183 583 3241 consistit
596 3202 653 3241 vox
669 3195 697 3242 et
712 3200 803 3262 pausa
816 3181 849 3241 fit
862 3182 892 3240 in
906 3178 1136 3259 pronunciando,
1149 3179 1239 3258 longa

110 3258 230 3336 syllaba,
245 3261 313 3339 quia
326 3263 455 3322 stabilior
468 3276 523 3335 est,
548 3265 665 3323 omnino
690 3264 727 3323 ad
746 3261 984 3322 concludendum
1005 3280 1121 3319 versum
1141 3261 1237 3338 aptior

115 3351 159 3397 cst
171 3340 311 3416 judicata.
353 3343 457 3422 ltaque
470 3356 501 3404 et
514 3373 525 3405 1
538 3345 746 3425 paragogicum
760 3345 828 3403 addi
841 3344 871 3402 in
884 3342 1051 3402 melioribus
1064 3341 1144 3402 libris
1157 3343 1237 3402 vide·

110 3437 184 3491 mus,
199 3432 230 3480 et
244 3422 297 3500 ipsi
310 3428 405 3502 po'e'tae
418 3436 647 3504 anteposuerunt
660 3425 818 3505 productas
831 3426 965 3506 syllabas,
980 3424 1038 3484 sirac
1052 3443 1139 3502 quam
1151 3423 1236 3502 ἐ’μμιν,

109 3507 158 3562 eid
173 3522 258 3580 quam
273 3507 332 3575 aiis,
347 3517 378 3564 et
392 3526 457 3584 quae
470 3507 573 3565 similia
586 3519 663 3578 suut,
678 3507 708 3565 in
721 3508 780 3566 fine
799 3526 899 3566 versus
923 3507 1020 3565 dicere
1041 3505 1237 3583 praeferentes.

109 3582 196 3656 Vide,
212 3605 277 3663 quae
292 3585 352 3644 dixi
367 3587 404 3646 de
418 3587 474 3646 hac
488 3608 519 3647 re
534 3589 563 3646 in
576 3589 650 3649 libro
665 3588 702 3649 de
716 3588 830 3648 emend.
845 3599 900 3646 rat.
922 3590 975 3647 Gr.
995 3606 1115 3664 gramm.
1136 3606 1165 3664 p.
1187 3591 1237 3648 23.

57 3684 67 3703 =·
108 3683 170 3742 seq.
192 3678 223 3724 et
246 3666 276 3724 in
299 3668 411 3745 praefat.
434 3671 472 3728 ad
494 3670 625 3748 Orphica
648 3691 677 3749 p.
701 3676 731 3731 9.
775 3673 921 3747 Sequutus
943 3688 1007 3729 eam
1028 3668 1170 3728 rationem
1192 3683 1237 3728 est
1335 3690 1338 3699 ¹

107 3745 234 3806 Wolfius
256 3747 286 3806 in
299 3760 445 3828 postrema
458 3751 586 3810 editione
600 3750 734 3812 Homeri.
1234 3790 1239 3797 ·

149 3831 200 3889 26.
222 3829 393 3890 Graecorum
408 3851 470 3891 mos
483 3843 538 3904 est,
552 3833 719 3893 omnimodo
733 3831 816 3891 linire
829 3851 945 3892 versum
957 3831 1107 3892 heroicum
1122 3830 1239 3910 integro

57 3976 61 3999 ‚
110 3909 274 3971 vocabulo:
287 3912 388 3970 namsi
410 3913 573 3973 Simonides
587 3926 638 3974 aut
655 3914 758 3993 aliquis
771 3914 844 3973 alius
862 3914 1101 3992 epigrammatum
1112 3913 1242 3992 scriptor·

107 4010 218 4053 nomen
232 3993 390 4071 proprium,
404 3995 482 4072 quod
496 3996 641 4075 dactylico
654 4015 778 4056 numero
784 3995 868 4054 aliter
881 3995 973 4073 aptari
984 4013 1043 4052 non
1057 4004 1182 4072 poterat,
1193 3994 1242 4052 in.

57 4116 59 4123 =
106 4084 153 4134 ter
164 4073 239 4133 duos
249 4093 347 4133 versus
358 4074 464 4147 divisit,
473 4076 503 4134 id
514 4078 687 4138 necessitate
697 4088 798 4138 contra
811 4077 940 4155 regulam
954 4074 1130 4135 factumest.
1151 4074 1238 4154 Epici

107 4173 269 4233 numquam
283 4175 321 4215 ne
335 4156 392 4216 hoc
406 4157 521 4235 quidem
536 4158 589 4217 sibi
604 4159 794 4231 indulserunt,
816 4172 850 4218 ut
868 4156 1007 4235 syllabam
1022 4156 1051 4214 111
1065 4156 1124 4215 fine
1137 4175 1237 4215 versus

107 4236 263 4296 eliderent.
304 4239 394 4316 Apud
410 4238 571 4302 Homerum
583 4240 698 4319 quidem
710 4241 841 4322 plerique
850 4237 1031 4320 grammatici
1042 4237 1083 4298 ita
1095 4248 1255 4319 putarunt>-

106 4317 347 4398 distinguendum
363 4337 426 4380 esse
440 4320 522 4382 iliad.
536 4327 561 4396 ξ.
583 4327 651 4384 265.
1169 4361 1176 4367 v·
