2694 4866
495 293 574 355 LIB·
595 291 637 353 11.
659 292 753 354 CAP.
773 292 857 356 XIV.

152 460 166 479 ⁴
224 485 272 559 qni
283 499 325 539 me
336 482 404 539 §lter
415 489 456 537 est
466 480 593 536 audacior
603 481 694 547 homo,
712 482 758 536 alit
766 481 815 554 qui
826 480 1013 550 confidentior,
1040 548 1044 557 Ι

223 555 371 629 juventutis
382 571 468 609 mores
481 558 525 625 qui
534 553 624 619 sciam,
641 554 687 625 qui
695 552 748 607 hoc
759 553 845 609 noctis
856 553 929 608 solun
940 550 1092 609 emonem?

228 627 292 701 quid
302 625 394 681 saian
406 643 485 692 nunc,
503 624 525 679 si
537 624 642 680 tresviri
654 624 736 679 mein
748 623 880 679 antecrem
890 622 1088 696 compdgetint?

226 699 290 754 inde
301 697 359 753 orris
371 715 386 753 e
396 695 577 769 promptuaria
587 695 655 755 oellt
666 695 805 766 depromar
814 695 851 749 td
862 695 985 766 flagrum:

227 789 278 826 nec
288 773 405 825 missam
414 767 494 822 liceat
506 767 593 822 dicere
604 766 678 832 mihi,
696 766 782 838 neque
793 766 821 820 in
830 766 896 822 hero
908 766 1050 839 quidquam
1060 765 1144 822 raxifi

226 842 283 909 siet,
299 839 496 912 necquicquam
507 844 550 905 stt,
567 837 631 910 quin
642 855 686 894 me
698 855 791 893 omncs
802 841 858 892 esse
866 837 974 909 dignm
986 839 1124 911 deputent.
1201 846 1205 853 ’

123 912 306 1026 Quamquam
319 944 350 1002 in
364 942 518 1023 postremis
534 941 649 1002 duobus
661 941 791 1002 versibus
804 960 908 1002 vereor
921 954 954 1003 ut
966 942 1033 1004 lucc
1045 942 1174 1023 genuina
1184 941 1236 1003 let·

123 1027 221 1097 tinam
260 1027 351 1089 Certe
365 1024 457 1089 Mss,
472 1042 574 1087 omnes
583 1043 637 1105 pro
650 1024 718 1106 puin
733 1023 865 1105 prebent
878 1024 928 1107 qni
937 1044 1005 1087 non.

570 1361 685 1439 CAP.
710 1362 820 1438 XIV.

321 1573 372 1623 DE
389 1573 560 1625 IAMBICIS
577 1575 783 1625 TRIMETRIS
799 1574 1070 1627 ACATALECTIS·

170 1741 198 1796 1.
219 1737 414 1796 Accnnruus
428 1735 604 1809 adversum,
625 1736 676 1814 qni
695 1735 857 1796 secundum
876 1738 1079 1799 hexametrum
1100 1732 1235 1824 heroicon

128 1817 256 1876 omnium
269 1816 462 1875 nobilissimus
473 1828 526 1886 est,
549 1835 753 1878 rn1unnnuu
769 1836 1031 1888 ncnnnucuuu,
1052 1836 1140 1896 quem
1152 1815 1234 1878 Latini
1271 1882 1273 1888 ,

127 1915 301 1957 sannarum
317 1908 433 1958 vocant.
475 1898 547 1976 Ejus
561 1910 699 1978 quattuor
706 1898 812 1959 formas
824 1909 1053 1961 commemorant
1059 1892 1237 1978 grammatici,

128 1991 161 2039 ut
172 1979 340 2038 scholiastes
352 1978 568 2058 Hephaestionis
580 2000 610 2058 p.
621 1984 669 2042 87.
685 1998 859 2041 renascunt
873 1982 1023 2052 vocantes,
1042 1991 1074 2040 et
1087 1994 1234 2045 conicum

128 2072 159 2121 et
172 2078 377 2131 sannuncurt,
398 2071 428 2120 et
442 2060 558 2140 proprie
573 2079 756 2122 iuuencum.
798 2063 900 2134 Hunc,
923 2082 1009 2142 quem
1024 2073 1170 2140 postremo
1182 2059 1236 2119 loco

125 2141 281 2214 nominavi,
303 2143 429 2201 maxime
451 2160 491 2202 ax
511 2141 634 2223 pedibus
658 2141 815 2222 disyllabis,
843 2144 965 2224 ipsoque
984 2143 1015 2201 in
1034 2142 1135 2223 prImis
1155 2139 1235 2202 iambo
1270 2188 1273 2193 -

127 2224 263 2304 componi
273 2223 403 2297 tradunt,
425 2233 457 2283 ut

192 2340 289 2422 ,ἑπέτις
303 2339 450 2416 Λυκιίμβι,
471 2345 538 2400 ποῖον
553 2340 652 2421 ἐφείσω
666 2339 730 2402 sido.

127 2456 309 2515 Tnaorcuu
324 2452 451 2512 alternos
465 2472 562 2514 amare
576 2455 732 2532 spondeos,
753 2464 784 2515 et
797 2454 889 2515 rarius
903 2453 1028 2534 aliquem
1043 2472 1083 2515 cx
1100 2448 1237 2535 trisyllabi

6 2564 24 2607 J
127 2535 251 2616 pedibus
264 2533 426 2592 adsciscere
439 2533 552 2604 dicunt,
574 2543 607 2592 ut

207 2651 260 2723 ὅκα
275 2656 404 2718 Διὶςπωῒς
415 2648 482 2715 rid·
496 2652 615 2722 Θηβαίαν
628 2651 723 2729 χθῦνα,

208 2733 334 2804 Διᾶνυσος,
353 2730 378 2792 ‘ir
391 2732 536 2794 mamad-5
551 2735 563 2798 »i
579 2732 687 2811 Kridpoo
701 2733 768 2816 xo'gn.

129 2850 287 2912 Coutcuu
301 2846 466 2926 trisyllabos
479 2846 571 2926 pedes
580 2848 768 2925 frequentare
782 2848 874 2920 aiunt,
889 2858 932 2918 nt,

207 2969 253 3025 arri
266 2963 342 3046 φςένκ
354 2965 399 3041 pir
408 2965 452 3022 οὐκ
466 2963 596 3024 &Macar
609 2964 699 3042 ipsiu-ru
712 2964 768 3024 καθ’
778 2967 852 3047 fugiit.

130 3078 328 3138 Sanunmuu
343 3075 470 3157 denique
484 3077 612 3138 medinm
627 3097 690 3140 esse
704 3078 779 3140 inter
794 3078 937 3159 tragicum
951 3087 982 3138 et
996 3078 1142 3140 comicum
1158 3077 1237 3140 obser·

128 3168 206 3229 vant,
229 3168 263 3216 ut

209 3274 246 3343 id'
258 3275 339 3351 ἄγκος
354 3275 505 3360 ὑψύιςημιον
518 3276 582 3361 ignor
597 3278 752 3362 mgidgopar.

132 3390 191 3451 Sed
204 3390 269 3450 haec
283 3392 338 3453 etsi
351 3411 411 3451 non
425 3387 493 3452 sunt¹
505 3392 589 3466 falsa,
603 3413 705 3474 parum
719 3407 817 3455 tamen
831 3394 977 3473 sufficiunt
990 3395 1032 3456 rei
1044 3392 1236 3460 exhauriendo

132 3474 236 3552 Itaque
251 3471 288 3533 de
301 3473 421 3552 singulis
435 3475 590 3553 generibus
604 3476 778 3555 explicatius
792 3477 947 3538 dicendum
961 3479 1025 3539 erit.

171 3559 199 3615 2.
221 3553 331 3615 Marito
346 3555 458 3616 initium
472 3555 612 3615 faciemus
625 3558 662 3616 ab
684 3575 950 3634 raunoonrrms,
972 3578 1097 3640 quorum
1120 3555 1234 3622 Archsso

131 3634 204 3696 chus
218 3636 327 3715 primns
341 3636 399 3698 hoc
412 3648 539 3697 metrum
552 3638 731 3700 nobilitavit„
767 3641 810 3700 Hi
829 3661 969 3703 coesuram
990 3642 1119 3703 maxima
1140 3651 1236 3718 usurpt

131 3727 201 3778 runt
214 3736 288 3794 eam,
310 3738 375 3796 quae
385 3729 430 3779 est
443 3718 473 3778 in
487 3719 584 3781 medio
598 3719 686 3781 tertio
695 3721 787 3802 pedat

580 3835 608 3902 ln

212 3898 701 3982 ῦ-υ-ῦΙ-’.υ-ῦ-υ..

132 4023 207 4109 Jure
220 4037 319 4088 tamen
329 4048 389 4087 non
403 4026 445 4088 ita
458 4043 608 4092 servarunt
621 4033 699 4093 hanc
714 4052 864 4107 caesuranr,
880 4047 913 4097 ut
926 4056 989 4097 eam
1001 4056 1161 4117 numquam
1167 4024 1240 4113 negd·

134 4118 248 4186 gerent.
288 4110 367 4170 Nam
380 4121 411 4170 et
420 4111 536 4170 brevior
550 4114 650 4173 esthic
660 4133 770 4190 versus,
785 4137 872 4195 quam
884 4119 933 4197 qui
945 4120 1110 4180 necessario
1122 4124 1241 4180 caesnrsss

133 4186 243 4247 habere
257 4189 372 4263 debeat,
394 4203 425 4251 et
437 4191 575 4253 varianda
589 4195 723 4255 ordinum
736 4196 919 4276 longitudine
933 4201 1021 4261 etiarn
1034 4198 1191 4262 venustatis
1205 4188 1243 4269 tu:

133 4269 204 4348 qnid
218 4270 336 4350 accipit.
377 4273 427 4332 Ad
441 4293 605 4335 mensuram
619 4287 716 4336 autem
727 4280 807 4357 quod
827 4282 942 4354 attinet,
964 4301 982 4340 a
1004 4282 1160 4363 trisyllabis
1179 4272 1245 4360 pede

133 4351 187 4412 bus
209 4370 268 4412 non
292 4352 333 4414 ita
354 4355 566 4432 abstinuerunt,
587 4368 619 4418 ut
641 4378 692 4420 eos
713 4361 831 4422 omnino
852 4361 1055 4438 excluderent,
1076 4363 1131 4425 sed
1144 4374 1245 4423 nourr

686 4494 702 4535 6
