2694 4866
182 275 266 341 ΠΒ.
286 276 327 341 11.
353 277 448 341 CAP.
467 275 505 340 V.
525 271 584 338 DE
604 272 756 337 Mnaso
778 274 1043 342 TROCHAICO.
1141 284 1183 343 49

11 504 14 509 .
86 448 121 506 4.
142 444 377 508 Aurrsrasrus
397 446 584 526 compositus,
605 456 650 506 est
673 465 712 506 ex
732 444 828 506 iambo
842 458 871 506 et
892 447 1031 519 trocheo,
1053 464 1176 527 eamque

50 524 88 585 ob
102 544 235 587 causum
250 528 406 609 dupliciter
418 527 456 587 ad
480 527 644 588 trochaicus
657 545 792 586 numeros
806 528 951 605 pertinet:
971 528 1023 587 sed
1037 529 1173 608 quoniam

26 628 30 637 ·
50 622 87 667 aa
107 608 283 688 compositio
295 610 349 681 ¹sic
361 609 441 669 facta
460 619 515 682 est,
537 620 570 669 ut
591 609 656 667 dnae
669 627 747 668 arses
767 608 820 666 sibi
844 610 984 687 proxima
1004 609 1071 681 sint,
1085 612 1174 689 longe

51 686 296 751 vehementiorem
319 689 369 749 ille
388 701 419 750 et
432 689 606 770 asperiorem
631 691 774 748 incessum
794 689 893 762 habet,
918 709 1005 768 quam
1027 691 1174 753 Creticus.

10 748 17 833 l
54 766 127 829 llam
139 770 170 828 in
183 769 314 832 versibus
328 766 452 832 Creticis
472 791 562 850 quum
577 771 643 829 duae
663 789 694 830 se
707 790 785 830 arses
806 771 989 849 contingunt,
1011 771 1041 828 in
1056 783 1172 852 quaque

54 848 137 927 priori
147 851 247 912 finitur
260 871 407 926 numerus,
417 852 578 932 posteriore
591 862 688 919 autem
702 870 794 910 novus
807 871 944 912 numerus
953 850 1072 931 incipit;
1093 853 1172 931 quod

57 933 367 1012 cantra.inantispastis
376 953 454 994 arses
463 934 506 993 ita
518 938 682 1013 conjunctae
695 942 773 1006 sunt,
782 943 815 997 ut
827 933 884 994 hac
893 932 954 1012 ipsa
968 933 1173 1011 conjunctione

56 1022 152 1072 natum
169 1014 355 1075 contineatur
368 1014 480 1074 numeri
494 1013 680 1093 antispastici.

89 1100 118 1156 ὅ.
138 1096 326 1156 Baccurscr
340 1096 463 1169 numeri,
477 1095 511 1167 si,
527 1107 559 1154 nt
574 1095 724 1156 Boeckhio
737 1114 830 1176 nuper
843 1095 937 1156 visum
955 1106 1009 1169 est,
1023 1113 1062 1156 ex
1075 1094 1171 1156 iambo

54 1183 84 1232 u
95 1174 211 1254 dipodia
221 1178 369 1239 trochaica
383 1176 536 1258 compositi
548 1186 625 1246 sunt,

95 1312 98 1317 ,
175 1293 185 1318 Ι
246 1293 254 1318 Ι

127 1294 408 1380 ...q-s-..

57 1423 111 1500 jure
131 1425 161 1483 in
184 1427 340 1487 trochaicis
360 1427 823 1489 numerisoommemorabuntur.
866 1429 924 1489 Sed
945 1446 1035 1507 quum
1056 1429 1114 1487 hoc
1134 1425 1172 1487 sit

60 1506 198 1581 ejusmodi,
224 1518 258 1566 ut
280 1524 336 1566 nec
361 1506 561 1580 demonstrari,
585 1529 641 1569 nec
664 1509 785 1569 refutari
808 1528 893 1590 posse
915 1510 1057 1583 videatur,
1081 1508 1172 1568 satius

61 1584 195 1661 duximus,
217 1587 264 1646 vel
288 1598 408 1667 propter
431 1589 584 1647 anacrnsin
606 1591 660 1650 hos
684 1611 782 1650 versus
808 1592 846 1650 ad
869 1591 1032 1650 trochaicos
1055 1589 1174 1650 referre.

62 1666 111 1730 Qui
134 1668 157 1726 si
181 1687 220 1728 ex
242 1668 372 1748 spondeo
401 1680 469 1727 cum
491 1670 623 1729 anacrusi
646 1672 770 1730 iambica
793 1682 938 1744 constant,
963 1691 1032 1730 sane
1053 1682 1175 1750 propter

60 1748 210 1824 spondeum
237 1749 325 1811 istum
349 1752 456 1810 rectius
479 1749 630 1828 dactylicis
660 1752 788 1810 numeris
812 1752 976 1812 addentur:
1006 1751 1058 1812 sed
1083 1770 1174 1830 quum

60 1825 127 1889 hcm
136 1828 283 1910 spondeus
297 1849 364 1889 cum
377 1831 551 1910 anapaestico
571 1832 703 1890 anacrusi
718 1832 850 1891 lonicum
865 1851 883 1891 a
901 1833 1005 1892 minori
1018 1834 1173 1913 producat,

61 1922 279 1971 consentancum
303 1911 395 1970 vuum
416 1923 470 1984 est,
493 1911 665 1972 discrimine.
679 1913 715 1971 ab
739 1913 872 1972 anacrusi
892 1915 1025 1994 repetito,
1049 1914 1174 1973 alterum

60 2007 202 2053 numerum
215 1992 382 2065 trochaicis,
396 1993 518 2053 alterum
533 1993 685 2072 dactylicis
698 1993 900 2055 adnumerare.

90 2077 119 2133 6.
138 2074 276 2152 Denique
286 2093 344 2133 non
354 2086 422 2134 sunt
429 2075 624 2153 pretereundi
635 2093 813 2136 succursus
826 2094 1001 2136 armannus
1012 2086 1043 2135 et
1054 2090 1174 2136 onrnr·

61 2159 103 2226 us,
115 2153 152 2215 de
165 2155 271 2235 quibus
283 2155 406 2234 pedibus
419 2155 559 2215 videndus
573 2166 618 2215 est
639 2155 782 2214 Aristides
796 2156 991 2223 Quintilianus
1005 2175 1034 2234 p.
1048 2159 1099 2218 37.
1111 2174 1174 2233 seq.
1203 2204 1205 2209 .

61 2246 85 2293 et
97 2239 144 2297 98.
186 2237 302 2295 Horum
323 2236 467 2296 trochaeus
480 2249 627 2297 semantus
647 2236 722 2294 arsin
737 2247 815 2308 octo,
836 2236 931 2295 thesin
946 2248 1084 2315 quattuor
1098 2247 1172 2295 tem·

61 2333 153 2393 porum
165 2318 265 2388 habet,
281 2337 345 2396 quae
358 2317 432 2377 ratio
445 2317 558 2389 eadem,
580 2317 632 2378 sed
645 2317 758 2379 inversa
771 2328 815 2376 est
839 2317 868 2375 in
883 2318 988 2389 orthio,
1003 2327 1035 2377 ut
1048 2327 1172 2396 uterque

63 2407 189 2473 qmttnor
201 2398 247 2458 vel
270 2398 423 2470 trochaeos,
437 2399 483 2458 vel
497 2399 607 2460 iambos
621 2410 726 2478 aequet.
768 2399 811 2456 Hi
823 2400 914 2479 pedes
927 2398 982 2458 etsi
995 2398 1172 2458 musicorum

61 2479 158 2557 proprii
171 2490 250 2551 sunt,
271 2479 349 2540 unde
363 2479 484 2554 metrici,
506 2479 596 2540 solam
610 2498 793 2543 communem
813 2481 987 2561 syllabarum
1007 2499 1173 2541 mensuram

63 2571 227 2635 spectantes,
247 2560 356 2620 nullam
377 2580 478 2621 eorum
492 2562 669 2622 mentionem
692 2562 800 2632 fecere,
824 2573 921 2621 tamen
944 2572 1098 2640 propterea
1111 2582 1171 2622 non

63 2650 144 2702 sunta
153 2639 275 2702 metrica
284 2642 417 2703 doctrina
430 2642 615 2711 excludendi,
629 2642 708 2721 quod
717 2643 786 2703 satis
797 2653 897 2721 aperta
907 2642 930 2701 si
941 2662 1000 2701 non
1010 2643 1172 2722 utriusque,

64 2728 88 2777 tt
99 2733 177 2782 certe
187 2722 309 2783 trochaei
322 2723 444 2783 semauti
456 2722 578 2802 vestigia
590 2724 621 2781 in
635 2723 810 2782 carminibus
830 2726 983 2801 poe'tarum
997 2724 1171 2783 Graecorum

64 2794 245 2876 nveniantur,
260 2803 297 2864 de
311 2823 369 2899 qua
387 2824 420 2865 re
433 2815 464 2865 et
477 2805 507 2863 in
521 2804 722 2864 dissertatione
745 2804 783 2863 de
796 2814 955 2864 metrorum
976 2804 1171 2882 quorumdum

10 2978 12 2983 Ι
65 2895 185 3025 mre
203 2885 368 2969 rhythmica
387 2906 418 2973 p.
433 2891 481 2954 17.
503 2905 584 2970 seqq.
608 2885 786 2971 disputatum
805 2895 861 2961 est,
875 2896 905 2946 et
925 2884 1000 2946 infra
1018 2883 1092 2948 libro
1113 2884 1172 2954 111.

518 3174 633 3253 CAP.
658 3175 705 3252 V.

379 3387 430 3439 DE
455 3387 586 3441 METRO
612 3387 840 3442 ruocnalco.

10 3574 34 3645 p
99 3532 122 3623 l..
140 3531 269 3592 Vsasus
283 3533 424 3594 trochaici
446 3536 602 3596 maximam
615 3548 728 3616 partem
741 3555 794 3617 per
814 3534 957 3615 dipodius,
982 3535 1043 3596 sive
1056 3533 1172 3594 ordines

19 3624 38 3683 Τ,
68 3612 273 3683 penodicosex
296 3614 410 3679 duobus
432 3617 577 3691 trochaeis,
600 3617 750 3678 incedunt.
799 3618 902 3695 Itaque
925 3615 1034 3695 syllaba
1053 3633 1172 3693 anceps,

10 3694 37 3737 st
68 3706 138 3765 quam
152 3694 329 3756 ostendimus
343 3717 362 3755 a
373 3696 475 3757 mediis
488 3698 637 3759 ordinibus
656 3717 773 3778 prorsus
792 3698 941 3756 exclusam
957 3715 1029 3766 esse,
1044 3705 1172 3755 tantum·

13 3746 42 3825 ²l
68 3772 138 3832 nodo
150 3773 181 3832 in
194 3776 253 3835 fine
268 3779 407 3857 cujusque
421 3777 546 3859 dipodiae
558 3779 656 3838 locum
670 3781 768 3838 habet.
809 3778 890 3836 Hinc
911 3789 1006 3837 ortum
1023 3787 1067 3836 est
1081 3776 1172 3835 notis-

10 3828 42 4051 ἦ
66 3849 153 3914 mum
176 3855 248 3917 illud
261 3869 439 3938 praeceptum
458 3860 724 3939 grammaticorum,
745 3858 906 3939 spondeum
919 3859 949 3917 in
969 3857 1097 3917 versibus
1111 3869 1172 3917 tro·

67 3932 159 3995 chaicis
172 3956 224 3997 eos
237 3948 349 3998 tantum
370 3939 450 3999 locos
464 3952 565 4002 tenere
585 3960 680 4022 posse,
695 3961 767 4020 quos
780 3960 863 4019 pares
883 3941 925 4000 illi
938 3949 1054 4012 vocant,
1067 3957 1173 3997 secun·

25 4054 37 4083 s
65 4012 131 4091 dum,
145 4029 289 4096 quartum,
300 4031 426 4094 sextum,
437 4034 582 4083 octavum.
623 4023 770 4083 Praeterea
776 4022 954 4082 tribrachum
966 4039 1032 4078 cum
1044 4018 1173 4080 trochaeo

10 4112 21 4181 ζ
63 4100 224 4161 commutari
238 4119 332 4179 posse,
347 4102 397 4181 qui
409 4123 461 4182 pes
475 4115 504 4165 et
518 4122 681 4164 mensuram
696 4104 826 4165 eamdem
841 4115 871 4162 ct
884 4101 1007 4161 similem
1019 4120 1174 4161 numerum

10 4186 21 4263 ζ
61 4172 149 4255 labet,
171 4186 305 4261 apertum
318 4194 372 4243 est.
414 4187 570 4266 Quumque
592 4185 693 4246 infine
718 4185 842 4266 dipodiae
855 4182 966 4263 syllaba
990 4201 1098 4264 anceps
1111 4194 1175 4250 tro·,

60 4258 163 4323 Qum
173 4262 204 4321 iu
267 4263 374 4324 udeum
384 4276 487 4335 mutet,
499 4266 678 4342 tribrachum
685 4286 722 4330 ec
732 4269 798 4331 loco
807 4267 837 4328 iu
847 4275 1024 4351 wapaestum
1037 4263 1173 4328 mutabits

60 4336 182 4413 llndedl
244 4344 252 4358 '
288 4344 694 4427 tmcbaicsrbaecl'ormaest,
730 4371 737 4380 ·
943 4368 946 4372 ·
