2694 4866
460 263 522 333 aa,
539 234 766 323 Pnosoms.
893 242 895 246 ‘
1133 269 1169 326 sr

89 427 196 502 idicerit,
221 439 362 509 quantum
382 428 429 502 sit,
454 430 535 508 quod
557 431 677 504 nesciat,
701 450 738 490 eo
761 428 854 489 solere
877 427 1080 490 modestiorem
1100 449 1174 493 esse.

89 511 198 571 ’infuerit
217 523 315 571 autem
335 511 494 590 inspexisse
515 532 667 572 censuram
687 511 821 590 AEschyli
845 512 998 571 Persarum
1022 511 1053 569 in
1076 511 1174 573 diariis

91 595 227 653 enensibus
240 612 280 653 m.
292 593 312 651 J
314 593 382 651 unio
397 594 426 651 b.
440 612 466 653 a.
480 594 529 653 fol.
546 599 614 655 105.
630 598 697 656 106.
711 612 729 650 a
742 594 793 652 tali
803 591 864 651 viro
878 592 1024 671 scriptam,
1046 593 1094 652 cui
1114 614 1174 654 non

89 674 142 734 acile
154 673 218 754 quis
231 672 382 752 superbius
391 676 575 754 respondeat.
618 675 705 733 Adde
717 673 848 733 Erfurdt.
859 673 897 733 ad
907 672 998 751 Soph.
1007 676 1092 753 Ajac.
1106 678 1174 738 127.

89 751 173 832 lupolis
186 755 217 812 in
231 757 350 823 Βάπταις
363 757 442 834 apud
456 756 635 816 Priscianum
648 777 678 835 p.
694 760 782 816 1328.
790 755 850 835 qui,
865 767 899 813 ut
906 754 955 812 ille
965 772 1003 812 ex
1013 754 1176 816 Heliodoro

89 846 186 908 astatur,
212 837 323 898 inaliis
343 836 445 896 iambis
464 837 551 919 hujus
569 837 676 896 fabulae
698 847 780 895 recta
797 834 997 896 observatione
1017 847 1176 896 metrorum

89 933 134 990 rus,
152 917 207 976 hos
220 917 316 996 posuit
330 917 359 974 in
374 918 432 977 fine
445 918 586 978 habentes
600 916 756 998 spondeos:
784 942 787 950 ·

133 1015 219 1075 siriam
233 1017 330 1094 mirga}
343 1025 440 1088 vaira,
462 1022 501 1077 rasi
514 1022 554 1095 μοὶ
564 1021 612 1084 τὰς
628 1017 736 1094 νύμφας,

135 1101 230 1156 πολλοὶ
241 1099 285 1174 μὲν
301 1095 342 1159 οὖν
357 1097 453 1171 δίκαιοι,
476 1103 515 1158 rai
528 1102 567 1176 μοὶ
582 1102 629 1165 sris
639 1101 776 1180 κςᾶμβις,
877 1143 882 1151 .
1185 1166 1187 1171 .

89 1194 187 1252 ousulto
209 1192 291 1253 dedit
315 1213 414 1254 sersus
438 1196 669 1275 Hipponacteos,
697 1193 905 1273 respondentes
927 1193 991 1268 sibi,
1012 1206 1046 1255 ut
1065 1196 1177 1277 opinor,

89 1291 208 1418 ppmlqulq
219 1275 347 1414 imitqtus
362 1278 581 1356 Hipponactem
595 1278 654 1337 sive
672 1277 830 1348 Ananiam,
852 1295 890 1335 ex
904 1296 962 1356 quo
977 1277 1138 1339 Athenaeu's
1148 1300 1178 1359 p.

122 1400 127 1416 .
165 1398 174 1415 .
210 1375 284 1416 aeca
304 1368 363 1419 ert:

295 1459 343 1518 καί
353 1485 379 1518 aa
391 1465 488 1520 πολλὶν
502 1461 635 1543 ririgoiwr

135 1537 181 1610 iyoi
195 1536 269 1615 φιλὲθ
282 1540 411 1616 μέλω-τα,
434 1545 473 1601 rari
484 1545 525 1619 μὶ
541 1546 582 1606 cir
596 1543 723 1625 κςίμβην.

102 1631 125 1694 7.
144 1633 288 1709 Hrarus,
307 1639 440 1717 proprius
453 1637 502 1698 ille
516 1638 634 1698 dialecti
647 1640 763 1708 Ionum,
785 1656 802 1696 a
823 1637 928 1717 quibus
947 1649 1011 1698 orta
1024 1650 1068 1698 est
1082 1641 1177 1719 po'e'sis

89 1711 237 1789 lraecorum,
259 1729 356 1777 tamen
370 1719 459 1779 etiam
471 1719 675 1799 antiquissimis
688 1720 784 1799 po‘e'tis
797 1719 975 1798 improbatus
990 1732 1043 1793 est,
1065 1723 1120 1781 esti
1140 1725 1178 1783 ab

89 1793 164 1868 idem,
195 1799 249 1859 sed
280 1799 420 1878 singulari
446 1811 675 1881 temperamento
703 1801 840 1860 adscitus.
881 1802 1081 1880 Improbatum
1108 1824 1177 1864 eum

89 1873 151 1964 lirae,
170 1880 217 1937 vel
231 1909 241 1940 s
255 1883 472 1962 paragogicum,
494 1901 553 1961 quo
565 1883 608 1941 illi
622 1893 754 1954 utuntur,
776 1882 912 1942 ostendit.
954 1883 1100 1944 Praeterea
1112 1886 1178 1964 plu·
1245 1910 1248 1919 ·

89 1956 135 2016 uis
153 1959 183 2017 in
208 1961 290 2035 locis,
310 1963 341 2020 in
362 1963 467 2043 quibus
486 1982 566 2022 nunc
586 1963 682 2024 hiatus
696 1984 759 2024 esse
772 1965 905 2036 videtur,¹
918 1965 1071 2042 digamma,
1095 1970 1180 2045 cujus

89 2037 146 2098 strias
160 2053 320 2120 potestates
338 2062 373 2104 ac
393 2044 648 2123 pronunciationes
663 2047 793 2104 nondum
811 2047 879 2105 satis
900 2047 1070 2124 explanatas
1089 2047 1179 2106 habe·

89 2133 131 2190 us,
157 2124 360 2203 interpositum
380 2125 469 2186 fuisse
491 2137 615 2186 constat.
657 2126 717 2185 Sed
741 2127 821 2184 haud
844 2127 931 2205 pauci
954 2138 1052 2185 tamen
1075 2127 1180 2208 reliqui

89 2203 203 2280 uitiosi,
223 2204 372 2286 inquibus
385 2207 542 2267 admissum
555 2228 618 2268 esse
631 2207 741 2267 hiatum
763 2219 911 2286 appareat.
953 2209 1053 2286 Atque
1076 2209 1100 2266 si
1121 2210 1181 2270 ulla

89 2296 141 2343 xre
158 2287 280 2366 intelligi
293 2298 401 2366 potest,
423 2290 502 2368 quod
514 2309 592 2369 aegre
612 2289 735 2351 credunt
753 2287 904 2368 philologi,
924 2290 1036 2367 po‘e'tas,
1053 2301 1087 2349 ut
1100 2310 1180 2352 nunc

89 2379 170 2452 toque
182 2371 226 2442 fit,
248 2381 381 2429 nontam
395 2369 574 2450 disciplinam
593 2371 758 2452 quamdam,
778 2372 860 2448 cujus
874 2371 955 2448 leges
974 2371 1099 2450 migrare
1119 2393 1180 2432 non

89 2460 168 2522 rerer,
189 2470 276 2531 quam
300 2466 416 2511 sensum
439 2471 524 2511 suum
544 2464 633 2531 atque
657 2452 770 2511 aurium
790 2452 1028 2531 approbationem
1041 2466 1180 2533 aequatos

89 2541 131 2601 uo,
148 2533 281 2611 profecto
296 2530 326 2591 id
336 2553 375 2592 ex
385 2533 467 2593 hiatu
480 2534 639 2594 certissime
654 2533 809 2612 colligitur.
846 2534 985 2592 Nostrum
996 2544 1040 2594 est
1051 2535 1179 2612 quidem,
1275 2608 1278 2614 Ι

89 2624 146 2669 uum
158 2626 249 2675 artem
265 2614 419 2693 quamdam
432 2614 653 2695 doctrinamque
666 2615 770 2673 harum
782 2633 879 2674 rerum
889 2615 1050 2686 condimus,
1072 2616 1180 2696 ubique

89 2690 169 2767 lgttlas
190 2707 221 2756 et
242 2697 322 2774 leges
345 2695 582 2776 circumspicere:
606 2698 658 2756 sed
682 2696 732 2775 qui
754 2696 972 2768 obliviscuntur,
1001 2708 1097 2755 totum
1121 2698 1180 2758 hoc
1233 2734 1237 2751 .

89 2787 148 2834 enus
168 2777 197 2834 in
217 2797 254 2837 eo
275 2777 392 2849 versari,
414 2777 492 2856 quod
513 2778 628 2857 placeat
640 2778 792 2857 ipsumque
806 2796 837 2836 se
851 2778 968 2836 auribus
983 2778 1179 2852 commendet,

89 2869 120 2911 ou
140 2859 380 2931 animadvertunt,
405 2857 475 2917 dum
497 2879 625 2919 morosas
646 2859 761 2938 regulas
776 2860 955 2938 excogitant,
974 2859 1039 2937 plus
1059 2860 1180 2920 rescire

89 2933 140 3009 elle,
160 2959 246 3018 quarn
260 2939 316 3019 ipsi
328 2943 424 3019 po'e'tae
444 2940 585 3012 sciebant,
607 2940 691 2999 risuri
712 2941 855 3018 profecto,
879 2941 904 2999 si
924 2939 1066 3013 viderent,
1092 2961 1180 3020 quarn

89 3013 179 3079 bscura
191 3041 243 3082 eos
257 3018 288 3080 et
301 3021 397 3080 inutili
410 3020 560 3101 diligentia
574 3041 640 3081 usos
654 3031 800 3100 putamus,
826 3022 895 3080 dum
910 3021 981 3079 nihil
994 3023 1050 3081 nisi
1063 3041 1180 3082 sensum

89 3114 141 3158 lum
150 3105 356 3182 sequebantur,
378 3103 533 3180 aliquando
547 3103 635 3163 etiam
649 3101 768 3181 aliquid,
790 3103 869 3181 quod
882 3122 942 3161 non
956 3104 1025 3163 satis
1037 3103 1179 3182 placeret,

89 3176 113 3236 bi
121 3181 313 3263 indulgentes.
333 3185 375 3244 Et
384 3185 463 3264 quod
476 3185 515 3244 ad
528 3184 627 3264 epicos
639 3183 754 3255 attinet,
776 3185 814 3242 de
827 3183 909 3244 hiatu
919 3184 988 3244 satis
1001 3185 1180 3265 explicatum

89 3261 358 3325 summitatum
382 3267 420 3325 de
444 3269 538 3327 aetate'
552 3266 665 3347 Orphei
688 3265 966 3344 Argonauticorum.
1006 3266 1058 3325 Ad
1081 3266 1181 3346 epicos

89 3344 186 3405 mxime
199 3347 346 3407 accedunt
359 3347 453 3427 lyrici,
474 3348 634 3408 modestius
647 3346 693 3407 usi
709 3346 792 3406 hiatu
806 3357 836 3407 et
856 3347 918 3406 fere
931 3347 962 3405 in
975 3347 1106 3407 formulis
1119 3348 1181 3427 epi-

89 3438 156 3514 imm
170 3447 224 3487 usu
239 3429 446 3509 comprobatis,
469 3431 522 3490 sed
543 3441 576 3489 ut
590 3448 657 3489 eum
671 3427 759 3488 etiam
771 3429 802 3487 in
820 3428 976 3489 trochaicis
988 3429 1116 3488 numeris
1129 3429 1180 3487 ad·

89 3515 216 3583 urerent,
229 3509 319 3588 longa
328 3509 358 3568 in
368 3510 488 3590 syllaba,
505 3524 536 3571 et
543 3511 573 3569 in
584 3511 653 3571 arsi:
669 3509 758 3569 thesis
769 3509 918 3570 trochaica
928 3520 1024 3568 autem
1033 3509 1057 3567 si
1067 3508 1179 3567 hiatum

89 3584 154 3661 abet,
170 3603 215 3651 est
228 3590 253 3650 is
268 3591 299 3648 in
313 3590 370 3651 fine
384 3592 507 3664 numeri,
526 3593 557 3651 in
566 3612 624 3670 quo
639 3612 728 3672 quum
736 3611 827 3670 pausa
840 3589 900 3662 fiat,
920 3590 979 3648 non
998 3589 1122 3648 multum
1136 3589 1180 3648 of.

89 3665 200 3729 ndimur
213 3672 305 3732 hiatu.
349 3673 418 3732 Vid.
434 3674 501 3733 diss.
516 3673 553 3733 de
564 3673 632 3733 dial.
646 3673 732 3732 Pind.
741 3694 770 3751 p.
785 3678 814 3733 5.
828 3690 908 3750 seqq.
950 3671 990 3729 Et
1003 3671 1033 3728 in
1047 3670 1103 3728 arsi
1116 3670 1180 3749 qui·

89 3765 125 3807 tm
137 3751 224 3814 etiam
238 3755 439 3835 iambographi
451 3754 573 3827 hiatum,
594 3755 644 3814 sed
657 3773 722 3815 raro
736 3753 907 3812 admittunt:
928 3771 1022 3830 neque
1045 3751 1075 3809 id
1099 3771 1181 3830 pror·

89 3829 291 3912 udefugerunt
301 3836 413 3914 tragici.
455 3836 515 3898 Sed
527 3835 584 3896 hac
596 3855 712 3916 quoque
725 3835 755 3892 in
773 3855 804 3901 re
818 3833 924 3907 sensui,
943 3845 1011 3912 apta
1024 3834 1060 3891 ab
1075 3832 1181 3913 ineptia

89 3916 243 3989 coementi,
270 3937 321 3977 eos
345 3918 523 3996 obsequutos
545 3937 608 3977 esse
632 3917 740 3988 videas,
763 3917 813 3996 qui
833 3917 895 3975 fere
908 3933 1009 3994 graves
1023 3924 1137 3973 tantum
1151 3928 1182 3975 et

89 4010 176 4055 noras
187 3997 303 4074 etsatis,
313 3997 415 4076 longas
428 3998 543 4058 vocales
560 3998 814 4078 diphthongosque
828 3997 865 4057 ad
882 4016 945 4057 cam
966 4015 1028 4055 rem
1042 3995 1181 4056 adhibue-

89 4086 123 4136 ot.
150 4077 245 4143 'Quin
265 4098 304 4139 ne
326 4099 344 4138 a
367 4079 446 4139 thesi
469 4079 585 4159 quidem
608 4080 758 4140 trochaica
775 4079 812 4138 ab
832 4075 1047 4154 iambographis
1065 4097 1181 4154 prorsus

89 4156 207 4219 :clusum
221 4159 310 4220 fuisse
321 4160 434 4220 hiatum
449 4160 587 4221 credibile
601 4173 655 4232 est,
677 4162 747 4220 dum
761 4160 848 4220 modo
863 4160 892 4219 in
906 4158 999 4219 vocali
1015 4164 1101 4228 es'set,
1117 4178 1181 4236 quae

89 4236 123 4296 idi
136 4259 197 4299 non
211 4253 319 4321 potest,
344 4252 377 4301 ut
390 4241 694 4321 apudArchilochum
708 4264 737 4322 p.
755 4243 821 4304 101.
1167 4249 1171 4255 ’

135 4339 232 4421 φίλης’
247 4335 349 4423 ims‘gaa'
362 4342 471 4416 pirarios,
491 4348 555 4403 τοῖσι
569 4339 591 4400 d'
607 4341 651 4406 idai
664 4340 757 4424 ιῖῗςος.
