2694 4866
419 236 912 307 nnromcrssrmrons.
1168 260 1229 326 227

98 416 153 479 55·
165 415 218 476 59.
227 415 277 475 61.
298 411 329 470 in
341 411 472 471 secunda
483 432 513 473 v.
527 419 557 474 8.
570 418 599 477 9.
615 416 663 472 11.
672 415 723 474 84.
735 417 784 474 85.
798 417 849 478 88.
864 419 913 477 85.
925 418 976 478 40.
989 419 1039 478 58.
1048 422 1103 481 61.
1113 425 1165 486 66.
1177 431 1228 489 68.

97 498 152 564 'ta
162 497 217 560 78.
228 499 278 555 84.
292 497 341 555 86.
356 500 406 558 87.
419 494 450 552 in
462 494 550 555 tertia
562 495 733 574 quadragies
747 496 841 556 etbis.

102 612 105 619 ,
139 576 183 636 11.
202 575 339 656 inprims
352 575 422 637 sede
435 595 464 637 v.
477 579 526 640 87.
536 579 586 637 58.
599 581 649 638 69.
664 581 713 636 88.
727 577 757 634 in
771 577 858 637 tertia
871 596 898 637 v.
912 582 963 640 85.
973 584 1023 642 88.
1042 588 1093 646 46.
1107 590 1157 648 58.
1174 592 1225 651 68.

139 740 205 802 111.
218 741 247 798 in
261 740 354 819 prima
366 739 437 799 sede
448 759 477 799 v.
491 743 541 802 80.
554 740 604 804 87.
619 740 669 804 67.
682 741 735 805 74.
753 740 783 800 in
796 742 927 804 secunda
945 762 973 806 v.
987 746 1036 806 80.
1049 749 1160 813 8848.
1173 756 1225 816 67.

94 825 148 893 77.
168 822 200 881 iu
211 821 299 891 tertia
310 825 397 882 ν.88.
410 821 461 888 47.
672 860 676 865 -

139 904 194 964 lv.
214 904 339 966 v.16.¹·
395 921 401 943 ·'
814 930 817 935 ·

137 986 175 1044 V.
189 985 219 1042 in
232 982 362 1046 secunda
373 987 444 1046 sede
456 1004 484 1047 v.
498 988 547 1047 86.
560 988 610 1046 48.
629 982 660 1043 in
673 984 760 1046 tertia
771 1005 800 1048 v.
810 991 851 1051 56

136 1067 192 1128 VI.
212 1086 240 1126 v.
252 1072 300 1130 14.

99 1219 328 1283 Commemoravi
340 1220 405 1286 baec
417 1229 572 1299 propterea
585 1228 645 1278 tam
658 1213 806 1293 distincte,
821 1232 854 1281 ut
867 1240 927 1281 uno
941 1222 1057 1295 obtutu,
1082 1225 1132 1304 qui
1145 1247 1217 1307 qua.

100 1321 153 1383 que
166 1301 197 1359 in
210 1303 279 1362 sede
292 1305 383 1381 magis
392 1302 522 1360 minusve
537 1300 634 1359 usitati
648 1301 738 1379 pedes
757 1302 826 1375 sint,
851 1303 1058 1382 conspiciatur.
1097 1309 1133 1366 In
1154 1311 1219 1368 uni-

100 1401 210 1443 versum
224 1393 347 1452 constat,
373 1382 564 1442 ditrochaeum
584 1379 765 1460 frequentius
787 1384 817 1442 in
837 1384 934 1458 tertia,
957 1405 1044 1464 quam
1065 1386 1095 1445 in
1109 1389 1224 1453 duabus

98 1463 212 1543 reliquis
232 1464 348 1525 sedibus
367 1462 499 1535 inueniri,
530 1463 711 1542 maioresque
737 1484 836 1525 versus
862 1485 937 1538 csse,
965 1468 1065 1546 quiin
1087 1472 1223 1533 omnibus

100 1544 165 1605 locis
185 1546 326 1605 trocbaeos
340 1546 475 1617 habeant,
497 1544 596 1625 quales
616 1558 684 1605 sunt
703 1566 729 1607 v.
742 1552 791 1608 85.
812 1552 861 1608 86.
881 1551 932 1609 58.
947 1552 999 1609 61.
1011 1552 1061 1614 67.
1103 1552 1223 1613 Deinde

101 1626 226 1705 quedam
246 1627 356 1696 formas,
385 1637 427 1697 ut,
453 1646 518 1706 quae
542 1645 580 1685 ex
601 1645 659 1684 una
678 1627 766 1706 longa
786 1640 816 1687 et
836 1640 975 1706 quattuor
994 1631 1141 1708 brevibus,
1172 1635 1218 1696 vel

103 1725 160 1788 quar
173 1727 211 1769 ex
225 1709 301 1769 senis
314 1708 449 1769 brevibus
462 1719 516 1782 est,
538 1718 694 1786 utrumque
709 1729 863 1768 numerum
876 1710 1045 1786 admittunt,

189 1903 198 1928 ι
232 1904 239 1926 ι
519 1883 537 1929 *i
594 1873 615 1930 p

173 1937 347 1977 -υυυκε
507 1939 685 1975 -νυυυ

171 2069 357 2137 (Νόνυυ
508 2069 692 2138 όυυόυυ

101 2232 190 2318 Magis
202 2234 301 2302 umen
315 2246 542 2298 consentaneum
555 2239 681 2312 videtur,
696 2236 789 2298 Ionici
799 2236 881 2318 pedis
892 2256 951 2312 eas,
966 2257 1052 2318 quam
1063 2238 1217 2300 ditrocbaei

101 2316 249 2380 solutiones
261 2338 334 2380 esse.
375 2319 468 2379 Dubii
481 2331 549 2380 sunt
562 2321 650 2380 etiam
664 2341 691 2381 v.
705 2327 754 2383 80.
769 2325 819 2382 88.
831 2323 880 2380 41.
903 2321 954 2400 qui
967 2321 1022 2380 etsi
1035 2320 1106 2396 aliis,
1127 2322 1217 2383 rectis

101 2401 323 2508 bmenpedibus
336 2400 487 2475 incedunt,
501 2402 526 2462 si
538 2407 604 2471 bui.
618 2403 807 2463 contrahatur
820 2403 850 2460 in
865 2421 952 2462 unam
962 2402 1110 2482 syllabam,
1126 2414 1157 2463 et
1170 2403 1217 2464 ul'

100 2488 179 2561 §que
191 2509 275 2550 mm
289 2495 319 2543 et
332 2485 438 2562 volupe,
461 2494 494 2543 ut
514 2495 560 2545 est
575 2484 654 2565 apud
675 2478 835 2556 Stobaeum,
856 2477 1020 2563 scribatur.
1051 2482 1100 2545 ur
1120 2503 1218 2565 gram·

104 2562 262 2624 mtioorum
274 2564 420 2625 sententia
433 2563 501 2625 addi
512 2564 559 2624 bis
572 2566 679 2647 pedum
693 2565 794 2626 formis
804 2564 890 2625 etiam
906 2584 990 2645 paeon
1003 2564 1150 2627 secundus
1163 2566 1219 2628 des

99 2634 183 2717 beret,
203 2665 290 2725 quem
304 2646 346 2704 illi
359 2646 388 2705 in
402 2644 532 2717 versibus
545 2642 652 2707 Ionicis
666 2665 684 2707 a
696 2650 806 2727 maj0re
820 2645 911 2725 recipi
924 2648 1052 2708 tradunt.
1093 2648 1216 2720 Verum,

98 2725 170 2803 quod
181 2746 269 2806 supra
282 2727 425 2800 dicebam,
440 2727 511 2787 nilril
524 2726 582 2789 boc
596 2728 651 2787 nisi
664 2747 792 2788 errorem
805 2745 880 2800 esse,
901 2738 998 2787 ortum
1017 2748 1057 2789 ex
1077 2746 1113 2788 eo
1133 2730 1215 2808 quod

101 2818 189 2867 vasus
202 2808 356 2885 iambicam
370 2806 528 2889 anacrusin'
536 2810 677 2899 habep'tes
691 2828 743 2889 pro
758 2809 866 2870 Ionicis
879 2826 897 2868 a
910 2814 1018 2890 majore
1032 2809 1124 2870 habiti
1143 2809 1213 2887 sint,

98 2880 254 2963 fimitifice
267 2891 431 2953 confirmari
445 2891 559 2953 videtur
572 2891 617 2951 his
639 2891 833 2951 Sotadeorum
853 2909 989 2952 versuum
1011 2890 1163 2972 exemplis,
1182 2892 1216 2951 in

95 2965 193 3046 qubus
208 2992 298 3052 quum
311 2973 438 3033 maxima
452 2972 613 3053 reperiatur
626 2972 734 3053 pedum
748 2972 882 3047 varietas,
902 2983 1001 3034 tamen
1014 2972 1135 3033 secundi
1154 2972 1215 3053 pa·

98 3049 163 3126 wis,
183 3065 234 3113 aut
247 3055 298 3133 qui
310 3054 476 3134 huio'pares
489 3060 557 3114 s'unt
571 3055 672 3134 pedes,
693 3055 806 3114 nullum
819 3065 865 3114 est
883 3054 1048 3134 vestigium,
1069 3055 1093 3114 si
1108 3050 1213 3115 'versus

94 3134 227 3209 quosdam
242 3146 342 3214 aperte
356 3146 508 3214 corruptos
522 3137 684 3216 exceperis.
725 3138 752 3197 Ii
764 3146 834 3196 sunt
847 3156 875 3197 v.
890 3140 934 3198 15.
954 3137 1005 3195 ubi
1025 3137 1090 3197 ἵκω
1102 3135 1215 3214 syllaba

91 3212 270 3276 bodundante
283 3217 423 3296 scriptum
437 3229 515 3287 erat;
528 3238 556 3278 v.
570 3223 619 3284 47.
635 3218 684 3279 ubi
697 3219 785 3297 vulgo
799 3217 958 3291 sopiatis:
971 3226 1003 3276 at
1016 3216 1063 3279 ed.
1076 3218 1213 3297 princeps

93 3297 240 3365 mairolas
247 3329 257 3368 ,-
279 3319 307 3361 v.
322 3304 373 3361 58.
387 3299 437 3358 ubi
450 3298 635 3361 manifestum
648 3311 694 3360 est
707 3317 821 3360 versum
837 3307 1007 3377 corruptum
1017 3316 1100 3368 esse;
1119 3316 1148 3358 r.
1162 3302 1214 3360 56.

91 3374 141 3434 ubi
158 3397 217 3438 non
241 3379 336 3440 minus
361 3380 448 3439 dubia
471 3381 560 3441 lectio
578 3392 640 3440 est:
663 3380 701 3441 de
715 3399 773 3461 qua
786 3399 818 3440 re
830 3399 901 3438 mox
914 3379 1029 3448 dicam;
1049 3398 1077 3438 v.
1090 3383 1140 3441 69.
1162 3378 1214 3438 ubi

89 3446 238 3537 'agebatur
253 3459 311 3540 ‘ipsi
325 3463 407 3523 bissa
428 3473 459 3522 at
480 3462 567 3522 etiam
588 3463 625 3522 ad
639 3482 756 3522 sensum
768 3461 936 3541 requiritur,
957 3459 1036 3541 quod
1055 3460 1150 3540 posui,
1171 3458 1212 3522 ..t

89 3528 223 3621 lienique
237 3563 264 3600 v.
279 3547 330 3607 78.
351 3555 381 3603 et
396 3548 444 3608 74.
466 3564 525 3603 non
539 3544 660 3604 dubium
673 3556 719 3606 est
732 3549 811 3605 usis
825 3542 919 3623 prima
930 3542 1019 3620 longa
1032 3560 1106 3623 esse,
1120 3560 1212 3623 quum

89 3610 162 3681 Hem
175 3627 265 3703 poe‘ta
277 3625 366 3684 etiam
379 3644 407 3685 v.
423 3631 469 3692 76.
489 3625 546 3687 hac
558 3645 694 3687 mensura
707 3636 816 3687 utatur.

89 3690 105 3769 Γ
127 3708 174 3766 10.
189 3705 237 3764 Ex
248 3705 293 3765 bis
303 3706 404 3784 igitur,
417 3727 483 3785 quae
496 3726 564 3768 vere
572 3719 719 3788 usurpata
731 3707 877 3778 videntur,
887 3706 995 3784 pedum
1007 3703 1108 3765 formis
1115 3703 1211 3784 primo

89 3772 141 3844 bno
156 3786 328 3864 colligimus,
349 3808 463 3848 versum
488 3807 527 3847 ex
540 3787 653 3849 duabus
675 3788 807 3869 partibus
828 3798 973 3860 constare,
995 3806 1116 3868 quarum
1130 3785 1211 3866 prior

89 3868 216 3927 mundo
225 3867 301 3946 pede
314 3869 417 3930 lonico
427 3870 535 3931 finitur.
576 3872 612 3930 Id
623 3881 653 3930 et
668 3869 790 3931 Molossi
804 3887 872 3929 usus
885 3870 992 3948 arguit,
1007 3868 1056 3947 qui
1066 3876 1151 3946 aptus
1165 3872 1212 3926 est

89 3943 213 4008 finiendo
226 3968 358 4022 numero,
373 3963 402 4012 et
414 3952 552 4032 frequens
562 3952 696 4013 admissio
717 3951 836 4032 syllabae
857 3951 1002 4030 ancipitis,
1016 3949 1136 4008 tertium
1148 3951 1212 4029 epi-

89 4029 184 4091 tritum
198 4050 366 4109 procreans.
393 4033 524 4114 Ideoque
538 4035 658 4096 deberet
673 4033 760 4095 etiam
775 4050 885 4100 casura
898 4051 960 4091 esse
974 4033 1003 4089 iu
1018 4030 1076 4091 fine
1089 4029 1212 4092 secundi

89 4113 173 4188 pedis,
195 4113 250 4171 sed
264 4133 327 4173 eam
341 4114 371 4173 in
385 4126 444 4175 tam
458 4115 552 4176 fracto
567 4124 688 4175 numero
702 4115 797 4175 miuus
810 4114 965 4194 diligenter
979 4113 1136 4187 observari,
1150 4131 1210 4173 nun

89 4205 118 4255 at
139 4194 259 4254 mirum.
302 4197 401 4264 Quare
414 4198 540 4258 ,dimidia
552 4197 614 4258 fere
628 4217 694 4277 pars
706 4196 823 4258 horum'
840 4214 975 4256 versuum
996 4194 1086 4256 habet
1114 4198 1205 4255 cresu-

89 4295 150 4349 rm,
171 4275 295 4338 dimidia
318 4298 377 4342 non
398 4279 495 4342 babet.
538 4281 656 4343 Caesura
670 4280 719 4342 illa
733 4290 833 4343 utatur
845 4278 910 4360 quis
923 4276 1044 4342 forsitan
1057 4277 1096 4341 ad
1109 4275 1210 4339 defeu-
