2694 4866
357 271 417 334 DE
438 270 633 333 IAMBICIS
653 272 874 335 DIMETRIS.
1136 272 1180 336 65

79 439 145 500 neti
166 439 368 527 inveniuntur,¹
391 441 444 500 sed
463 441 640 521 tragicorum
664 453 860 522 systematum.
873 440 932 501 hoc
950 439 1099 520 proprium
1119 450 1175 512 est,

79 523 128 582 ‚od
150 542 209 581 uon
232 541 318 582 versu
342 523 524 596 catalectico,
548 524 600 582 sed
624 522 681 582 alio
710 534 814 595 metro,
850 542 936 602 quam
960 541 1018 601 quo
1048 533 1176 601 systema

79 615 158 664 :tum
174 614 228 674 est,
250 602 436 676 clauduntur,
457 604 498 663 ita
517 616 615 665 tamen
637 614 669 663 ut
689 605 791 663 eadem
812 603 1015 684 perpetuitatis
1037 602 1104 682 lege
1126 602 1177 662 hic

79 686 168 744 timus
181 704 290 756 versus,
310 685 434 763 quamsi
455 687 585 765 ejusdem
605 686 720 764 generis
741 696 830 758 esset,
851 705 919 743 cum
938 683 1082 763 prioribus
1104 703 1176 744 con·

79 777 197 844 ngatur,
218 786 254 826 ac
268 766 390 843 proinde
403 766 433 823 in
446 767 505 826 fine
517 767 710 847 praecedentis
723 786 824 826 versus
837 785 932 845 neque
945 765 1041 824 hiatus
1060 766 1176 825 veniam

79 848 165 918 beot,
188 858 219 906 et
232 847 344 927 syllaba
357 867 474 924 anceps,
496 867 562 924 quae
576 848 693 927 quidem
707 849 825 909 turbare
838 859 969 907 tenorem
983 846 1096 905 numeri
1109 864 1176 925 pos·

79 971 91 999 „
107 929 227 987 vitetur.
268 929 382 988 Eodem
396 928 436 987 illi
446 928 535 991 modo
548 930 636 989 etiam
650 922 800 990 trochaica
807 939 966 1009 systemata
976 945 1176 1006 composuere.

79 1009 212 1089 triusque
225 1010 341 1088 generis
355 1012 522 1090 exemplum
535 1011 624 1071 estin
638 1011 785 1091 Euripidis
799 1011 906 1072 Oreste
918 1031 945 1074 v.
955 1013 1025 1072 988.
1034 1008 1082 1070 ed.
1092 1008 1175 1068 Pors.

126 1148 182 1204 ‘o'iltr
195 1143 292 1221 δι’μοιοι
305 1153 355 1212 τοῖς
370 1148 436 1223 ipati·
540 1199 542 1205 .

127 1253 167 1284 σοι
180 1225 243 1296 ἦλθ’
257 1231 308 1308 tigri
329 1229 490 1298 πολύστονος,
641 1300 644 1306 Δ

126 1307 249 1384 λᾶχιομοο
262 1310 393 1386 ποιμνίοισι
406 1309 522 1378 Marcidus
537 1311 611 1372 riaoo
722 1340 725 1347 ·

127 1394 158 1447 το
173 1389 356 1468 mvl-imm
369 1397 439 1471 οἱςιος
452 1391 528 1452 ὅποτ’

128 1470 220 1541 ἶγὲιοτο
234 1470 306 1550 rigon
320 1477 388 1530 ὅλοόι
402 1477 471 1532 ὄλοιο

170 1549 266 1631 'Argita
280 1553 423 1621 ιἰιοιοβᾶπι.

127 1630 183 1690 lto
195 1629 240 1712 ἐ’ςις
255 1632 283 1690 ro'
295 1659 321 1692 τι
335 1639 462 1713 erogarit

127 1713 203 1771 ιἰλίοο
215 1713 353 1788 μετέβαλον
367 1712 443 1795 viem

127 1796 177 1851 τοὶι
191 1799 252 1873 πρὸς
266 1794 367 1874 {niger
381 1795 495 1854 ιιέλιυθοι

128 1877 230 1952 origenis
244 1876 446 1955 πςοοιιςμᾶοιιοοι

168 1955 313 2032 pellaeas»
326 1955 347 2022 ἔς
362 1960 409 2016 οἰοῖ.

79 2087 288 2152 &Latinorum
299 2091 395 2168 poe'tae
405 2089 513 2151 scenici
522 2092 577 2151 etsi
587 2093 666 2153 haud
677 2112 742 2152 raro
752 2103 783 2153 et
793 2093 955 2153 acatalecto
966 2104 996 2153 et
1005 2091 1178 2153 catalectico

79 2171 176 2229 imetro
191 2170 329 2229 clausulae
341 2171 483 2231 facieudae
492 2174 599 2233 'caussa
613 2175 656 2233 usi
669 2186 748 2244 sunt,
763 2184 872 2248 tamen,
886 2175 940 2232 nisi
954 2174 1049 2248 fallor,
1076 2174 1178 2233 nolue-

79 2264 117 2310 tut
131 2251 288 2310 continuos
298 2251 436 2311 dimetros
446 2273 595 2332 usurpare.
621 2255 711 2334 Apud
726 2257 895 2316 Terentium
907 2256 1025 2334 quidem
1035 2256 1085 2313 vix
1098 2254 1178 2323 alibi,

79 2352 138 2391 uam
160 2332 190 2390 in
214 2332 308 2393 Andr.
326 2333 384 2391 III.
408 2341 437 2396 5.
459 2333 587 2413 Adelph.
608 2336 650 2407 11,
673 2343 702 2397 3.
722 2336 803 2395 locos
823 2337 960 2416 reperias,
981 2337 1031 2415 qui
1050 2334 1181 2394 dimetria

79 2415 152 2491 :ripti
167 2414 260 2472 videri
273 2413 393 2493 possint·
414 2418 458 2474 At
472 2426 504 2474 ut
516 2416 571 2475 hos
586 2427 771 2477 tetrametros
781 2437 843 2477 esse
852 2419 980 2487 credam,
994 2415 1180 2487 eoadducor,

79 2496 133 2554 uod
149 2496 300 2573 conjuncti
309 2507 377 2553 sunt
392 2514 458 2553 cum
472 2497 657 2556 tetrametris.
698 2498 782 2560 Utin
793 2499 950 2576 Adelphis:

155 2619 202 2670 abs
214 2616 298 2687 quivis
309 2614 417 2669 homine
429 2633 509 2686 quum
522 2615 563 2670 est
571 2626 650 2687 opus,
664 2615 825 2672 beneficium
837 2618 957 2687 accipere
967 2616 1094 2686 gahdeas:

154 2686 399 2811 verumepniirtuvero
410 2687 439 2740 id
450 2687 555 2758 demum
563 2690 651 2761 juvat,
667 2688 699 2754 si,
714 2706 792 2758 quem
805 2687 918 2758 aequum
931 2686 1078 2765 est-facere,
1095 2685 1119 2740 is
1130 2685 1176 2741 be·

155 2847 174 2882 o
185 2776 381 2894 friieriirater,
398 2829 462 2899 quid
474 2846 524 2899 ego
536 2839 564 2883 te
576 2847 647 2883 nunc
658 2826 783 2883 laudem?
802 2829 866 2882 satis
877 2829 950 2882 certd
961 2828 1027 2883 scio.

80 2950 133 2989 uos
145 2951 246 2990 versus
260 2950 350 3007 quum
363 2930 450 2990 facile
465 2930 528 3009 quis
542 2950 595 3009 pro
609 2930 739 2989 dimetria
753 2931 861 2990 habere
875 2929 975 3008 possit,
996 2941 1105 3004 tamen,
1126 2931 1177 3008 qui

79 3012 202 3106 quenda
225 3012 425 3084 considerauit,
455 3032 518 3101 uon
541 3011 686 3072 dubitabit
708 3024 891 3104 tetrametros
915 3030 986 3072 esse.
1027 3011 1074 3072 Ita
1101 3012 1178 3071 euim

79 3105 159 3172 trgrtt
879 3114 882 3118 ·

154 3229 298 3283 numquam
309 3213 349 3267 ita
360 3213 497 3284 magnifice
508 3213 649 3286 quidquam
658 3212 752 3278 dicam,
769 3212 798 3266 id
810 3215 892 3267 virtus
903 3212 966 3284 quin
976 3211 1082 3282 superet
1091 3221 1147 3267 tua.

79 3321 92 3370 t
104 3311 194 3390 hujus
207 3334 308 3377 uersus
321 3317 408 3374 etiam
423 3316 472 3388 illi,
496 3317 545 3395 qui
559 3316 665 3376 deinde
678 3328 849 3396 sequuntur,
866 3315 975 3375 similes
984 3327 1061 3389 sunt,
1096 3316 1178 3374 Mul·

79 3418 81 3443 ι
102 3393 198 3472 magis
218 3395 297 3474 apud
321 3397 456 3456 Plautum
478 3397 577 3457 induci
598 3398 661 3477 quis
684 3399 783 3478 possit,
807 3409 840 3456 ut
861 3417 928 3456 eum
949 3397 1079 3456 dimetris
1093 3416 1178 3455 usum

79 3484 143 3545 rtet,
159 3493 249 3554 quum
264 3476 313 3536 ille
326 3498 385 3536 uon
398 3479 492 3537 solum
505 3479 536 3536 in
549 3491 652 3558 quarto
662 3500 778 3559 quoque
792 3479 868 3557 pede
878 3491 909 3536 et
920 3477 1047 3536 iambum
1056 3496 1176 3555 ponere,

79 3575 200 3616 ¹vocem
214 3556 298 3616 finire
311 3560 413 3631 soleat,
434 3560 486 3619 sed
500 3580 576 3638 saepe
591 3561 679 3620 etiam
693 3562 809 3620 brevem
820 3560 960 3638 syllabam
971 3559 1001 3615 in
1015 3562 1078 3634 ejus
1092 3557 1176 3634 pedis

79 3649 223 3715 reponat,
244 3638 414 3719 hiatumque
428 3641 571 3702 admittat.
611 3642 807 3701 Nihilominus
825 3640 874 3699 hic
888 3658 1005 3719 quoque
1023 3636 1127 3696 dubito
1140 3657 1179 3697 au

79 3737 211 3796 unquam
226 3719 364 3781 dimetros
377 3723 506 3800 posuerit
518 3723 681 3782 continuos.
717 3723 795 3781 Nam
803 3741 892 3800 quum
902 3721 1073 3798 plerumque
1084 3719 1177 3779 oratio

79 3817 88 3857 ι
109 3801 274 3878 composita
290 3803 338 3874 sit,
361 3815 394 3861 ut
418 3804 564 3863 sententia
587 3802 700 3879 octonis
724 3803 847 3882 pedibus
870 3802 997 3874 finiatur,
1029 3819 1177 3879 quumque

79 3901 108 3941 re
123 3882 236 3960 ubique
250 3883 336 3941 etiam
351 3885 515 3962 hujusmodi
529 3905 629 3945 versus
642 3885 867 3957 admisceantur,
888 3903 961 3962 quos
974 3893 1074 3961 aperte
1095 3893 1178 3941 octo·

79 3964 143 4021 ,rios
168 3982 234 4021 esse
253 3965 404 4024 latendum
425 3967 475 4035 sit;
496 3965 621 4045 denique
645 3987 735 4046 quum
757 3966 923 4026 octonarios
947 3964 1006 4035 ille,
1037 3982 1120 4042 aeque
1145 3975 1178 4024 ut

79 4046 116 4104 'os
131 4062 237 4103 versus
251 4056 445 4118 tetrametros,
467 4060 647 4127 asynartetos
661 4067 724 4108 esse
738 4047 875 4108 voluerit:
897 4044 966 4125 quid
979 4043 1069 4115 aliud,
1090 4064 1178 4123 qnam

79 4125 218 4186 tonarius
244 4127 353 4205 potius,
383 4149 469 4207 quam
490 4131 639 4202 dimetros,
671 4150 734 4190 esse
760 4148 859 4190 versus
879 4127 949 4188 istos
973 4125 1178 4187 censebimus?

79 4229 84 4268 ι
97 4207 207 4269 statim
220 4207 251 4266 in
265 4210 482 4291 Amphitruone
493 4212 518 4269 Ι.
533 4219 560 4278 1.

599 4309 615 4365 1
