2694 4866
232 278 312 340 ma.
332 278 391 339 111.
412 276 505 341 cap,
526 274 612 342 XIX.
631 273 690 337 DE
712 275 797 338 USU
817 272 1012 338 ANTISTR.
1132 278 1192 345 467
1279 310 1285 324 ¹

63 466 168 508 rorum
181 447 347 508 inventione
361 446 517 527 perfectior
531 457 584 518 est,
599 446 629 504 in
644 445 738 506 Persis
751 465 779 506 v.
792 450 862 506 649.
880 443 1022 517 adhibuit,
1042 443 1083 503 ita
1095 463 1114 504 a
1126 445 1189 523 qui-

64 531 192 591 busdam
206 530 379 589 constitutos
400 548 472 600 esse,
493 540 527 587 ut
547 528 672 606 experiri
692 527 824 597 voluisse,
846 526 992 609 quomodo
1013 524 1053 583 iili
1077 527 1190 585 numeri

63 610 232 691 turpissime
247 610 392 688 corrumpi
407 612 533 688 possent,
552 608 726 668 videantur?
747 607 834 673 Quod
848 619 951 667 contra
963 607 1106 667 neminem
1126 607 1190 667 fore

61 705 149 774 puto,
164 692 213 770 qui
227 692 344 771 quidem
358 710 416 749 non
431 709 547 770 prorsus
561 692 598 750 ad
612 708 727 750 sensum
742 708 850 760 eorum,
867 707 931 766 quae
945 689 1056 767 pulcra,
1070 688 1187 761 decora,

60 773 200 834 sublimia
211 785 289 845 sunt,
304 773 484 844 occalluerit,
494 770 564 852 quin
577 771 618 832 ita
629 769 823 852 composuisse
835 769 1006 851 AEschylum
1016 788 1115 830 versus
1125 768 1189 829 illos

61 854 210 935 intelligat
221 876 231 914 r

146 969 164 1040 ἦ
176 971 249 1044 φίλος
263 973 330 1052 cirrig,
345 971 419 1042 φίλος
432 969 521 1046 indeq·

145 1056 215 1124 φίλι
227 1055 279 1134 peip
293 1052 401 1110 ahtodo
414 1051 473 1119 ἤθη.

110 1186 113 1199 ,
144 1131 269 1199 'didonis
284 1130 306 1191 ἲ
319 1132 470 1209 decimaret
483 1129 569 1204 sistite,

144 1212 281 1283 ’elidenda
472 1278 475 1283 ,

146 1293 191 1354 οἷον
204 1293 306 1355 ἄνακτι
321 1299 456 1375 Διςιιῖίυι.

57 1426 102 1491 Ίῐι
116 1426 179 1486 solo
192 1427 294 1486 ultimo
307 1444 390 1484 versu
405 1420 547 1503 scriptura
567 1422 678 1485 incerta
698 1435 751 1487 est.
793 1382 938 1488 Vhrsuum
956 1398 1061 1488 horum
1081 1423 1190 1513 primus

60 1507 279 1568 choriambicus
291 1517 345 1577 est,
360 1506 505 1564 secundus
521 1509 754 1580 Anacreonteus,
769 1508 871 1569 tertius
884 1520 915 1569 et
933 1519 1052 1589 quartus
1066 1507 1191 1568 lonicia

59 1589 186 1679 minore,
201 1586 317 1669 quintus
331 1606 370 1648 ex
383 1587 551 1647 choriambo
566 1599 596 1648 et
609 1588 755 1675 dochmio.

503 1876 615 1992 car.
640 1879 766 1954 mx.-

249 2109 299 2162 ΒΕ
317 2110 389 2161 USU
409 2082 755 2162 ANTISTROPHARUM
775 2109 995 2159 suMMatlur.

57 2270 61 2275 ’
111 2276 140 2332 1.
160 2271 478 2333 Aurrsraoansaun
493 2289 561 2330 usus
575 2271 605 2329 in
619 2272 726 2330 Graeca
740 2272 821 2350 poe‘si
841 2282 923 2352 patet
942 2270 1089 2330 latissime.
1130 2268 1192 2330 Illis

45 2351 144 2410 ·enim
168 2355 356 2433 temporibus,
384 2353 488 2434 quibus
512 2347 616 2412 nat'ura
639 2353 850 2412 excellentibus
873 2353 996 2431 ingeniis
1019 2352 1088 2411 artis
1111 2351 1192 2429 leges

62 2432 208 2506 dictabat,
221 2454 276 2495 nec
290 2436 360 2494 dum
372 2434 498 2494 novandi
515 2434 667 2513 cupiditas,
681 2434 769 2494 rectis
782 2447 919 2508 saturata,
940 2435 978 2493 ad
997 2434 1101 2493 vitiosa
1121 2450 1193 2492 con·

62 2512 193 2590 fugerat,
208 2515 284 2575 ultro
299 2519 395 2595 poe'tae
408 2535 444 2576 ea
457 2515 618 2574 consectati
631 2525 710 2588 suat,
725 2535 789 2593 quae
802 2517 832 2575 in
847 2535 963 2595 quoque
977 2535 1086 2594 genere
1106 2516 1191 2574 abso·

63 2593 209 2654 latissima
222 2597 481 2675 esse'maximeque
496 2596 622 2655 rotunda
634 2595 810 2657 viderentur.
853 2597 933 2656 Hinc
952 2616 1011 2656 non
1031 2596 1119 2655 modo
1133 2609 1193 2655 tra-

62 2675 166 2753 goedia
178 2677 258 2735 nulla
270 2688 322 2736 aut
336 2677 489 2749 comoedia,
503 2687 536 2735 ut
549 2676 627 2754 apud
648 2679 824 2738 recentiores
846 2678 987 2757 plurimae,
1008 2679 1096 2737 etiam
1115 2677 1195 2755 apud

62 2774 130 2829 eos,
145 2757 194 2836 qui
207 2758 313 2817 imitari
326 2758 448 2817 Graecos
458 2757 640 2823 studuerunt,
649 2761 729 2836 justo
740 2758 861 2817 exordio
871 2770 996 2838 aptaque
1007 2757 1195 2819 conclusione

64 2849 160 2910 caret,
175 2839 227 2898 sed
239 2838 277 2898 ire
291 2839 320 2897 in
334 2839 418 2918 epica
433 2839 554 2918 ,quidem
573 2839 655 2917 po'e'si
676 2837 820 2899 orationes
841 2859 951 2911 eorum,
974 2840 1024 2918 qui
1043 2840 1132 2906 verba
1150 2839 1195 2909 fa-

65 2919 181 2978 cientes
208 2920 442 2991 introducuntur,
467 2920 551 2980 aliter
574 2938 661 2999 quam
684 2919 800 2998 integro
822 2939 908 2980 versu
932 2932 963 2980 et
985 2921 1139 2999 incipiunt,
1163 2930 1195 2980 et

22 3063 25 3067 ,
65 2999 219 3062 finiuntur.
260 3007 334 3070 Quae
347 3001 535 3080 aequabilitas,
550 3001 669 3080 egregie
682 3002 903 3062 accommodata
916 3002 953 3061 ad
973 3001 1196 3080 permulcendos

67 3080 256 3141 audientium.
265 3083 460 3160 legentiumve
480 3083 598 3152 animos,
615 3103 705 3162 quum
718 3085 748 3142 in
762 3083 859 3161 primis
871 3083 997 3142 etiamin
1006 3101 1195 3142 numerorum

67 3163 239 3222 eorumdem
254 3164 426 3241 repetitione
440 3176 585 3234 cernatur,
600 3182 660 3224 non
674 3175 719 3223 est
732 3163 847 3235 mirum,
861 3162 928 3222 siin
942 3163 1088 3242 plerisque
1105 3178 1196 3241 gene·

66 3242 151 3301 ribus
175 3245 334 3303 carminum
358 3245 434 3303 hanc
458 3263 574 3322 quoque
597 3243 755 3303 venustatis
779 3255 901 3323 partem,
926 3242 1112 3323 ubicumque¹
1125 3255 1195 3322 apta

54 3322 229 3400 wideretur,
242 3325 434 3385 adhibendam
445 3324 622 3404 judicarunt.
1048 3396 1049 3400 Ἰ
1169 3363 1184 3371 .,

109 3408 139 3464 2.
149 3405 223 3465 Sunt
234 3417 330 3466 autem
340 3405 542 3480 carminum,si
552 3404 739 3483 repetitiones
748 3405 810 3465 illas
821 3423 1009 3465 numerorum
1017 3415 1191 3485 spectamus,
1278 3449 1279 3453 ,

67 3504 180 3564 genera
193 3500 344 3565 quattuor:
364 3489 499 3568 primum,
513 3486 592 3566 quod
605 3488 744 3547 continua
758 3487 929 3565 repetitione
944 3486 1074 3563 ejusdem
1095 3506 1195 3546 versus

68 3567 250 3630 continetur:
272 3589 337 3647 quae
350 3568 478 3628 carmina
491 3588 509 3628 a
522 3567 717 3646 grammaticis
729 3572 799 3628 carol
814 3571 903 3648 στίχοι
916 3567 1025 3646 scripta
1043 3579 1196 3629 vocantur.

68 3647 108 3705 In
122 3648 281 3727 eo'genere
296 3650 504 3711 nobilissimum
519 3662 563 3709 est
585 3668 702 3709 carmen
726 3649 856 3728 epicum;
875 3648 1049 3720 levissimum
1073 3648 1196 3708 forsitan
1253 3663 1261 3680 ⁸

68 3727 154 3800 illud,
168 3729 247 3808 quod
260 3750 299 3790 ex
313 3732 442 3792 versibus
457 3730 581 3790 Adoniis
596 3730 714 3809 Sappho
727 3729 831 3791 fecisse
845 3729 961 3805 dicitur,
975 3741 1010 3791 ut
1032 3729 1077 3790 his
1099 3729 1194 3795 verbis

66 3818 194 3869 testatur
208 3811 400 3872 Terentianus
415 3813 537 3872 Maurus
551 3832 580 3892 p.
595 3816 683 3875 alal.

140 3926 308 3982 continuasse
318 3926 400 3998 pedes
411 3928 478 3984 istos
488 3928 516 3980 in
528 3928 644 3982 carmine
655 3927 727 3982 solos

140 3996 237 4051 dicitur
248 3998 307 4053 hac
320 4000 412 4054 eadem
423 3999 550 4072 praeclare
560 3999 663 4070 po‘e'tria
675 3995 789 4070 Sappho.

127 4098 133 4111 κ
176 4068 276 4138 fingere
287 4069 364 4125 nobis
392 4111 425 4130 „

176 4138 231 4192 tale
243 4139 348 4194 licebit}
455 4182 458 4187 .

176 4210 385 4277 primusaboris
447 4216 454 4224 '

178 4278 373 4348 'l'roiuaheros,
464 4342 467 4348 ,
