2694 4866
117 281 178 341 412
508 282 590 344 Ltu.
609 282 668 343 111.
687 285 781 349 caP.
800 288 854 349 IX.
913 302 920 307 '

118 445 252 523 margine
273 447 445 527 exemplaris
468 450 526 510 mei
546 451 717 533 adscripsit:
755 458 800 517 VI
815 455 856 516 sic
874 455 980 517 ditem
1002 458 1078 522 MS.
1099 461 1235 525 Priatiosi

118 527 252 607 exemplu.
295 529 453 608 Habetque
465 531 523 593 boc
536 534 603 594 cod
616 536 759 598 Zwiccav.
771 537 925 599 amundus.
967 540 1016 601 Ex
1026 542 1160 603 aecuudo
1170 543 1233 603 libro
1264 540 1266 557 '

118 607 203 666 affert
224 611 392 671 Macrobius
413 613 474 672 Sat.
496 618 549 677 VI.
569 625 598 680 5.
617 617 692 690 boec,
712 639 778 697 quae
798 638 867 679 cum
886 619 943 679 isto
962 622 1044 699 apud
1064 623 1231 685 hhcimom

101 686 284 832 ‘trpgprmqo
298 695 419 754 fortasse
433 699 590 775 conjuncta
601 699 729 774 fuerant,
743 701 786 762 uti
794 704 857 781 jam
870 701 996 777 Merula:
1006 724 1039 783 p.
1052 712 1103 769 55.
1123 718 1157 767 et
1173 711 1231 769 410.

226 793 256 832 es
274 796 282 830 ε

191 921 489 950 ········
525 899 621 955 deinde
632 900 744 972 pollens.

191 964 300 1031 sagittis,
312 965 427 1021 inclutus
438 969 616 1037 arquitenens,
628 982 786 1045 sanctusque
796 971 910 1047 Delphis

188 1035 332 1103 prognatus
344 1037 453 1107 Pythius
464 1040 573 1110 Apollo.

119 1132 235 1193 videtur
248 1138 371 1216 Pythius
385 1140 496 1200 duabus
509 1143 625 1222 syllabis
638 1145 823 1225 pronunciari
836 1145 970 1206 voluisse.
1032 1198 1038 1205 .

162 1227 211 1280 33.
233 1219 258 1276 E
273 1223 359 1279 tertio
373 1222 446 1281 libro
462 1224 575 1284 Nonius
598 1227 629 1283 in
652 1246 680 1286 v.
699 1227 846 1309 gratulari
857 1247 886 1306 p.
904 1232 971 1288 116.
983 1227 1050 1287 baec
1063 1227 1164 1290 affert:
1181 1227 1227 1285 “is

120 1309 142 1336 ‘⁴
157 1301 205 1377 qui
220 1321 332 1360 sursum
346 1305 384 1362 ad
398 1305 500 1363 caelum
514 1306 629 1366 sustulit
643 1308 923 1367 suasresammullus
932 1309 1135 1387 gratulabatur
1145 1308 1229 1368 uim*

119 1379 178 1439 Ed.
192 1384 266 1443 ven.
283 1389 370 1445 1496.
390 1387 468 1465 isque
491 1399 522 1446 et
544 1386 655 1448 anulus.
696 1388 772 1446 Aliae
795 1388 940 1449 ammulus.
962 1390 1004 1450 H.
1026 1389 1188 1471 Stephanum
1203 1390 1227 1447 in

118 1460 289 1540 fragmentis
302 1466 381 1543 poiit.
393 1478 465 1526 vett.
480 1468 560 1527 Latt.
580 1490 610 1549 p.
624 1473 693 1530 215.
706 1469 795 1528 habet
809 1469 948 1543 Amulius,
962 1482 1104 1551 recteque
1117 1471 1225 1552 suspica

119 1552 169 1600 tur
183 1562 284 1603 vocem
298 1566 397 1607 manus
410 1547 520 1620 deesse,
534 1562 564 1609 et
578 1571 623 1609 res
637 1553 808 1610 mutandum
822 1570 885 1610 esee
898 1551 929 1610 in
942 1572 1002 1612 rea.
1046 1553 1159 1615 Scribe:

190 1661 336 1748 maurisque
347 1682 447 1719 sursum
460 1666 494 1719 ad
507 1666 609 1749 caelum
621 1666 728 1722 sustulit
739 1683 799 1722 suas
809 1683 857 1721 rex

190 1730 327 1787 Amulius:
345 1735 491 1805 gratulatur
502 1737 578 1793 divas.

116 1832 203 1915 Idem
218 1837 331 1896 Nonius
344 1837 374 1896 in
387 1860 414 1898 v.
429 1849 512 1900 atrox
525 1861 554 1919 p.
569 1843 620 1906 76.

118 1956 163 2018 R.-
191 1956 268 2011 simul
281 1958 381 2011 atrocia
392 1959 553 2028 porricerent
565 1958 628 2012 exta
637 1957 835 2012 ministratores.

118 2058 245 2129 Veneta,
260 2079 345 2138 quam
360 2060 430 2131 dixi,
451 2065 639 2140 projecerunt.
661 2059 716 2120 Ed.
741 2058 870 2120 Mercari
885 2059 1072 2139 prosicereat.
1112 2060 1153 2119 H.
1175 2059 1227 2120 Ste-

117 2141 231 2220 phanus
244 2141 301 2199 hoc
315 2142 344 2198 in
358 2142 462 2220 fragm.
475 2145 567 2220 poe'tt.
577 2154 647 2201 vett.
657 2161 686 2220 p.
696 2146 766 2204 215.
780 2160 819 2200 ex
833 2151 936 2218 quarto
946 2140 1022 2199 libro
1034 2140 1162 2202 adferta.
1175 2141 1226 2200 Me·

118 2224 211 2281 rulam
226 2221 263 2280 ad
279 2223 355 2283 Ean.
368 2245 397 2302 p.
410 2229 480 2284 425.
522 2223 570 2281 Ex
591 2224 677 2283 tertio
701 2223 775 2281 libro
789 2222 848 2281 duo
868 2220 924 2281 alia
942 2221 1108 2301 fragmenta
1119 2220 1225 2283 afferm-

118 2313 176 2373 tur,
192 2323 257 2381 quae
267 2303 379 2363 facilius
392 2305 456 2385 quis
469 2305 632 2384 suspicetur
644 2304 675 2362 in
688 2304 780 2384 primo
793 2302 892 2364 fuisse.
932 2302 1052 2363 Deinde
1065 2305 1149 2383 apud
1167 2304 1224 2363 rm

117 2385 188 2443 bum
203 2384 240 2443 ad
255 2387 336 2466 Virg.
351 2386 416 2445 Ecl.
432 2387 485 2446 Vl.
497 2387 561 2446 baec
574 2386 777 2445 inveniuntur:
798 2393 818 2423 “
832 2396 984 2464 postquam
1003 2403 1089 2444 asem
1108 2383 1225 2465 adspexit

118 2476 139 2506 “
154 2468 263 2543 templo
285 2468 438 2539 Anchises,
459 2486 541 2526 sacra
561 2468 701 2526 immensa
719 2466 867 2546 penatium
887 2465 989 2525 ordine
1009 2465 1225 2545 ponunturziu·

118 2558 140 2587 ⁴<
155 2549 280 2607 molabat
302 2568 418 2607 auream
442 2550 586 2608 victimam
609 2549 773 2626 pulcram.”
816 2552 889 2617 Quae
912 2549 1005 2607 bonos
1028 2548 1060 2607 in
1083 2547 1223 2614 saumis

116 2629 170 2687 sed
180 2630 274 2689 verbis
288 2631 329 2690 ita
341 2632 479 2712 trajectis,
494 2643 526 2692 ut
537 2630 582 2689 vel
592 2630 640 2709 qui
654 2629 904 2708 transpositionem
913 2628 1084 2688 facillimum
1096 2626 1227 2689 etlcnisti·

117 2731 197 2768 mum
218 2713 377 2771 remedium
398 2733 460 2772 esse
482 2722 611 2784 censent,
635 2711 765 2769 nonnihil
789 2711 969 2770 haesitaturos
992 2722 1105 2789 putem,
1129 2705 1225 2785 redegit

119 2793 249 2870 Scaliger
262 2796 300 2852 ad
313 2796 473 2854 Varronem
487 2815 516 2873 p.
539 2797 606 2857 124.
646 2794 712 2872 Ego
734 2793 846 2852 facilius
869 2791 1008 2864 adducar,
1032 2792 1076 2852 ita
1095 2788 1223 2872 scripum

116 2873 268 2939 Navium:

187 3021 325 3079 postquam
336 3009 422 3063 rivium
440 3010 560 3078 adspexit
571 3008 670 3079 templa
680 3007 821 3075 Anchises,
837 3022 908 3073 sacra
918 3006 950 3063 in'
959 3022 1053 3062 mensa
1068 3006 1071 3011 ’

186 3081 321 3154 penatium
334 3083 468 3149 ponuntur
479 3081 586 3134 ordine:
604 3080 757 3135 immolabat

187 3152 304 3205 auratam
317 3152 447 3206 victimam
460 3151 586 3223 pulcram.

80 3326 84 3334 Ι
116 3258 283 3336 Utrumque
296 3258 491 3334 fragmentum
505 3257 602 3335 attigit
616 3255 734 3315 Merula
746 3255 784 3314 ad
796 3254 922 3317 Ennium
936 3274 964 3333 p.
977 3258 1028 3315 49.
1070 3251 1158 3313 Aliud
1169 3244 1218 3339 libri
1264 3323 1266 3331 Ι

115 3341 193 3398 tertii
206 3341 400 3417 fragmentum
415 3339 492 3397 idem
505 3360 535 3417 p.
548 3341 615 3402 417.
631 3357 669 3396 ex
684 3337 841 3414 Calpurnio
855 3335 945 3405 affert,
967 3334 1022 3394 sed
1041 3333 1135 3394 utrix
1147 3337 1218 3413 posui

114 3421 224 3481 fraudis
238 3422 429 3499 suspicionem
444 3421 581 3498 effugere.
622 3420 659 3477 Id
678 3421 739 3496 ipse
753 3418 796 3476 sic
809 3416 927 3477 scribit:

185 3539 219 3592 sis
230 3539 323 3594 Poinei
335 3538 541 3593 contremiscunt
553 3537 669 3601 artibus:
687 3536 836 3590 universum

184 3611 286 3679 magnei
299 3623 384 3664 metus
397 3610 524 3663 tumultus
536 3621 644 3680 pectora
655 3607 784 3679 possidet:

185 3700 281 3737 caesum
294 3681 386 3735 funera
398 3682 508 3751 agitant:
528 3680 665 3752 exsequias
676 3679 782 3742 ititant3

183 3752 417 3824 temulentiamque
428 3752 527 3807 tollunt
538 3751 638 3806 festam.

112 3859 270 3926 Quomodo
284 3860 348 3918 haec
362 3859 439 3936 apud
455 3857 644 3936 Calpurnium
657 3854 765 3934 scripta
777 3851 844 3923 sint,
865 3870 923 3910 non
944 3850 1105 3923 adnotavit,
1125 3844 1174 3906 uisi
1188 3859 1216 3936 stt
1261 3872 1266 3876 ·

112 3944 149 3999 ab
177 3961 208 3999 se
235 3941 264 3998 in
292 3943 330 4002 sis
354 3950 497 3998 mutatum
519 3958 591 3997 esse.
634 3938 814 4015 scaligerum
841 3933 992 3993 universim
1014 3932 1215 4020 corrigere‘ut·

113 4023 282 4081 Secundum
295 4041 408 4081 versum
423 4021 510 4080 etiam
525 4020 601 4098 apud
617 4019 748 4078 Nonium
763 4018 792 4074 in
806 4036 833 4074 v.
847 4022 934 4074 melus
948 4035 976 4093 p.
991 4019 1061 4084 214,
1077 4019 1105 4074 9.
1127 4009 1215 4084 reliqui

111 4115 220 4170 autem,
242 4102 293 4162 sed
307 4104 390 4162 valde
405 4112 543 4180 corrupta
562 4101 641 4179 apud
662 4101 780 4159 Festum
800 4098 829 4155 in
854 4117 881 4156 v.
901 4106 1029 4157 lauretum
1051 4094 1109 4172 legi
1127 4096 1215 4150 monet.

114 4183 281 4246 Secundum
296 4204 420 4256 versum,
434 4202 521 4263 quem
536 4182 650 4240 Nonius
663 4183 725 4240 sine
740 4180 834 4259 operis
847 4178 943 4237 indice
956 4177 1052 4248 affert,
1073 4174 1214 4237 faciliores

110 4265 253 4345 tragoedia
266 4267 362 4344 aliqua
375 4277 521 4343 sumptum
536 4263 717 4322 crediderim.
760 4261 820 4321 Sed
833 4261 856 4319 si
871 4259 941 4318 fides
956 4269 1000 4319 est
1011 4257 1144 4330 Merula,
1153 4260 1215 4313 certe

108 4349 139 4406 in
155 4346 255 4408 mediis
270 4347 363 4407 Naevii
377 4347 506 4407 versibus
520 4345 653 4427 quaedam
667 4344 773 4405 omissa
789 4354 874 4403 suut:
