<?xml version="1.0" encoding="UTF-8"?>
<!DOCTYPE html PUBLIC "-//W3C//DTD XHTML 1.0 Transitional//EN"
    "http://www.w3.org/TR/xhtml1/DTD/xhtml1-transitional.dtd">
<html xmlns="http://www.w3.org/1999/xhtml" xml:lang="en" lang="en">
 <head>
  <title>
</title>
<meta http-equiv="Content-Type" content="text/html;charset=utf-8" />
  <meta name='ocr-system' content='tesseract 3.04.00' />
  <meta name='ocr-capabilities' content='ocr_page ocr_carea ocr_par ocr_line ocrx_word'/>
</head>
<body>
  <div class='ocr_page' id='page_1' title='image "./elementadoctrin00hermgoog_0067.png"; bbox 0 0 2694 4866; ppageno 0'>
   <div class='ocr_carea' id='block_1_1' title="bbox 109 260 820 329">
    <p class='ocr_par' dir='ltr' id='par_1_1' title="bbox 109 260 820 329">
     <span class='ocr_line' id='line_1_1' title="bbox 109 260 820 329; baseline -0.011 0"><span class='ocrx_word' id='word_1_1' title='bbox 109 268 147 329; x_wconf 72' lang='lat'><strong>28</strong></span> <span class='ocrx_word' id='word_1_2' title='bbox 521 261 600 326; x_wconf 74' lang='grc' dir='ltr'><strong>ΜΒ.</strong></span> <span class='ocrx_word' id='word_1_3' title='bbox 620 263 647 322; x_wconf 90' lang='lat'><strong>1.</strong></span> <span class='ocrx_word' id='word_1_4' title='bbox 667 260 760 322; x_wconf 76' lang='lat' dir='ltr'><strong>cat’.</strong></span> <span class='ocrx_word' id='word_1_5' title='bbox 780 260 820 321; x_wconf 87' lang='lat' dir='ltr'><strong>X.</strong></span> 
     </span>
    </p>
   </div>
   <div class='ocr_carea' id='block_1_2' title="bbox 113 425 1273 1076">
    <p class='ocr_par' dir='ltr' id='par_1_2' title="bbox 113 425 1241 572">
     <span class='ocr_line' id='line_1_2' title="bbox 113 425 1241 509; baseline -0.002 -19"><span class='ocrx_word' id='word_1_6' title='bbox 113 430 262 493; x_wconf 84' lang='lat' dir='ltr'><strong>habebant</strong></span> <span class='ocrx_word' id='word_1_7' title='bbox 274 427 480 503; x_wconf 72' lang='lat' dir='ltr'><strong>mraaooa&#39;ioa,</strong></span> <span class='ocrx_word' id='word_1_8' title='bbox 502 449 566 509; x_wconf 86' lang='lat' dir='ltr'><strong>quae</strong></span> <span class='ocrx_word' id='word_1_9' title='bbox 579 429 704 489; x_wconf 88' lang='lat' dir='ltr'><strong>dubitari</strong></span> <span class='ocrx_word' id='word_1_10' title='bbox 728 429 776 487; x_wconf 84' lang='lat' dir='ltr'><strong>vix</strong></span> <span class='ocrx_word' id='word_1_11' title='bbox 790 437 887 509; x_wconf 90' lang='lat' dir='ltr'><strong>potest</strong></span> <span class='ocrx_word' id='word_1_12' title='bbox 906 426 976 507; x_wconf 91' lang='lat' dir='ltr'><strong>quin</strong></span> <span class='ocrx_word' id='word_1_13' title='bbox 996 425 1124 507; x_wconf 88' lang='lat' dir='ltr'><strong>genuina</strong></span> <span class='ocrx_word' id='word_1_14' title='bbox 1146 426 1241 507; x_wconf 83' lang='lat' dir='ltr'><strong>scrip·</strong></span> 
     </span>
     <span class='ocr_line' id='line_1_3' title="bbox 120 512 246 572; baseline -0.016 0"><span class='ocrx_word' id='word_1_15' title='bbox 120 526 186 572; x_wconf 87' lang='lat' dir='ltr'><strong>tura</strong></span> <span class='ocrx_word' id='word_1_16' title='bbox 199 512 246 570; x_wconf 84' lang='lat' dir='ltr'><strong>sit.</strong></span> 
     </span>
    </p>

    <p class='ocr_par' dir='ltr' id='par_1_3' title="bbox 118 588 1273 1076">
     <span class='ocr_line' id='line_1_4' title="bbox 160 588 1238 670; baseline -0.006 -18"><span class='ocrx_word' id='word_1_17' title='bbox 160 600 190 652; x_wconf 85' lang='lat'><strong>4.</strong></span> <span class='ocrx_word' id='word_1_18' title='bbox 211 593 320 650; x_wconf 88' lang='lat' dir='ltr'><strong>Praeter</strong></span> <span class='ocrx_word' id='word_1_19' title='bbox 344 592 441 670; x_wconf 82' lang='lat' dir='ltr'>epicos</span> <span class='ocrx_word' id='word_1_20' title='bbox 465 591 552 651; x_wconf 89' lang='lat' dir='ltr'><strong>etiam</strong></span> <span class='ocrx_word' id='word_1_21' title='bbox 575 592 689 670; x_wconf 81' lang='lat' dir='ltr'><strong>tragici,</strong></span> <span class='ocrx_word' id='word_1_22' title='bbox 710 592 763 651; x_wconf 90' lang='lat' dir='ltr'><strong>sed</strong></span> <span class='ocrx_word' id='word_1_23' title='bbox 776 591 806 650; x_wconf 95' lang='lat' dir='ltr'><strong>hi</strong></span> <span class='ocrx_word' id='word_1_24' title='bbox 820 591 937 670; x_wconf 90' lang='lat' dir='ltr'><strong>quidem</strong></span> <span class='ocrx_word' id='word_1_25' title='bbox 950 591 980 648; x_wconf 92' lang='lat' dir='ltr'><strong>in</strong></span> <span class='ocrx_word' id='word_1_26' title='bbox 993 590 1062 648; x_wconf 89' lang='lat' dir='ltr'><strong>solis</strong></span> <span class='ocrx_word' id='word_1_27' title='bbox 1075 588 1238 649; x_wconf 83' lang='lat' dir='ltr'><strong>nominibus</strong></span> 
     </span>
     <span class='ocr_line' id='line_1_5' title="bbox 118 670 1236 754; baseline -0.003 -23"><span class='ocrx_word' id='word_1_28' title='bbox 118 673 253 754; x_wconf 87' lang='lat' dir='ltr'><strong>propriis,</strong></span> <span class='ocrx_word' id='word_1_29' title='bbox 275 673 414 750; x_wconf 90' lang='lat' dir='ltr'><strong>ejusmodi</strong></span> <span class='ocrx_word' id='word_1_30' title='bbox 428 673 667 752; x_wconf 89' lang='lat' dir='ltr'><strong>productionibus</strong></span> <span class='ocrx_word' id='word_1_31' title='bbox 688 674 732 731; x_wconf 88' lang='lat' dir='ltr'><strong>usi</strong></span> <span class='ocrx_word' id='word_1_32' title='bbox 754 686 832 732; x_wconf 91' lang='lat' dir='ltr'><strong>sunt.</strong></span> <span class='ocrx_word' id='word_1_33' title='bbox 875 671 1032 731; x_wconf 88' lang='lat' dir='ltr'>Nominum</span> <span class='ocrx_word' id='word_1_34' title='bbox 1055 670 1236 750; x_wconf 85' lang='lat' dir='ltr'><strong>propriorum</strong></span> 
     </span>
     <span class='ocr_line' id='line_1_6' title="bbox 119 753 1235 833; baseline -0.004 -18"><span class='ocrx_word' id='word_1_35' title='bbox 119 756 207 825; x_wconf 91' lang='lat' dir='ltr'><strong>enirn,</strong></span> <span class='ocrx_word' id='word_1_36' title='bbox 229 774 293 833; x_wconf 87' lang='lat' dir='ltr'><strong>quae</strong></span> <span class='ocrx_word' id='word_1_37' title='bbox 307 770 401 832; x_wconf 88' lang='lat' dir='ltr'><strong>neque</strong></span> <span class='ocrx_word' id='word_1_38' title='bbox 416 755 528 826; x_wconf 90' lang='lat' dir='ltr'><strong>evitari,</strong></span> <span class='ocrx_word' id='word_1_39' title='bbox 549 774 604 814; x_wconf 90' lang='lat' dir='ltr'><strong>uec</strong></span> <span class='ocrx_word' id='word_1_40' title='bbox 613 755 718 813; x_wconf 88' lang='lat' dir='ltr'><strong>mutari</strong></span> <span class='ocrx_word' id='word_1_41' title='bbox 731 755 810 825; x_wconf 91' lang='lat' dir='ltr'><strong>licet,</strong></span> <span class='ocrx_word' id='word_1_42' title='bbox 832 757 924 833; x_wconf 88' lang='lat' dir='ltr'><strong>major</strong></span> <span class='ocrx_word' id='word_1_43' title='bbox 939 753 1046 832; x_wconf 92' lang='lat' dir='ltr'><strong>ubique</strong></span> <span class='ocrx_word' id='word_1_44' title='bbox 1059 754 1235 812; x_wconf 72' lang='lat' dir='ltr'><strong>libertasest·</strong></span> 
     </span>
     <span class='ocr_line' id='line_1_7' title="bbox 120 833 1273 916; baseline -0.003 -21"><span class='ocrx_word' id='word_1_45' title='bbox 120 837 162 896; x_wconf 88' lang='lat' dir='ltr'><strong>Et</strong></span> <span class='ocrx_word' id='word_1_46' title='bbox 175 837 205 895; x_wconf 93' lang='lat' dir='ltr'><strong>in</strong></span> <span class='ocrx_word' id='word_1_47' title='bbox 217 836 262 894; x_wconf 92' lang='lat' dir='ltr'><strong>his</strong></span> <span class='ocrx_word' id='word_1_48' title='bbox 276 835 378 915; x_wconf 82' lang='lat' dir='ltr'><strong>tragici</strong></span> <span class='ocrx_word' id='word_1_49' title='bbox 390 834 546 905; x_wconf 88' lang='lat' dir='ltr'><strong>interdum,</strong></span> <span class='ocrx_word' id='word_1_50' title='bbox 567 854 657 915; x_wconf 92' lang='lat' dir='ltr'><strong>quum</strong></span> <span class='ocrx_word' id='word_1_51' title='bbox 670 848 847 915; x_wconf 80' lang='lat' dir='ltr'><strong>anapaestum</strong></span> <span class='ocrx_word' id='word_1_52' title='bbox 860 846 978 916; x_wconf 77' lang='lat' dir='ltr'><strong>possent</strong></span> <span class='ocrx_word' id='word_1_53' title='bbox 991 833 1155 908; x_wconf 82' lang='lat' dir='ltr'><strong>admittere,</strong></span> <span class='ocrx_word' id='word_1_54' title='bbox 1173 848 1235 912; x_wconf 83' lang='lat' dir='ltr'><strong>pro·</strong></span> <span class='ocrx_word' id='word_1_55' title='bbox 1271 846 1273 891; x_wconf 78' lang='grc' dir='ltr'>ῑ</span> 
     </span>
     <span class='ocr_line' id='line_1_8' title="bbox 119 894 1273 997; baseline 0.002 -21"><span class='ocrx_word' id='word_1_56' title='bbox 119 917 286 976; x_wconf 90' lang='lat' dir='ltr'><strong>ductionem</strong></span> <span class='ocrx_word' id='word_1_57' title='bbox 300 918 501 996; x_wconf 81' lang='lat' dir='ltr'><strong>praetulerunt,</strong></span> <span class='ocrx_word' id='word_1_58' title='bbox 523 928 554 975; x_wconf 93' lang='lat' dir='ltr'><strong>ut</strong></span> <span class='ocrx_word' id='word_1_59' title='bbox 569 916 702 995; x_wconf 86' lang='lat' dir='ltr'><strong>gravitati</strong></span> <span class='ocrx_word' id='word_1_60' title='bbox 715 937 902 978; x_wconf 86' lang='lat' dir='ltr'><strong>numerorum</strong></span> <span class='ocrx_word' id='word_1_61' title='bbox 916 916 1007 997; x_wconf 83' lang='lat' dir='ltr'><strong>magis</strong></span> <span class='ocrx_word' id='word_1_62' title='bbox 1020 924 1234 995; x_wconf 58' lang='lat' dir='ltr'><strong>congruentem·</strong></span> <span class='ocrx_word' id='word_1_63' title='bbox 1270 894 1273 987; x_wconf 78' lang='lat' dir='ltr'><strong>i</strong></span> 
     </span>
     <span class='ocr_line' id='line_1_9' title="bbox 121 997 807 1076; baseline 0 -19"><span class='ocrx_word' id='word_1_64' title='bbox 121 1000 169 1058; x_wconf 86' lang='lat' dir='ltr'><strong>Sic</strong></span> <span class='ocrx_word' id='word_1_65' title='bbox 185 998 342 1075; x_wconf 87' lang='lat' dir='ltr'><strong>AEschylus</strong></span> <span class='ocrx_word' id='word_1_66' title='bbox 356 998 385 1054; x_wconf 92' lang='lat' dir='ltr'><strong>in</strong></span> <span class='ocrx_word' id='word_1_67' title='bbox 401 1001 481 1076; x_wconf 88' lang='lat' dir='ltr'><strong>Sept.</strong></span> <span class='ocrx_word' id='word_1_68' title='bbox 495 997 532 1056; x_wconf 89' lang='lat' dir='ltr'><strong>ad</strong></span> <span class='ocrx_word' id='word_1_69' title='bbox 547 999 639 1058; x_wconf 89' lang='lat' dir='ltr'><strong>Theb.</strong></span> <span class='ocrx_word' id='word_1_70' title='bbox 653 1004 723 1060; x_wconf 76' lang='lat'><strong>494.</strong></span> <span class='ocrx_word' id='word_1_71' title='bbox 739 1004 807 1061; x_wconf 78' lang='lat'><strong>553.</strong></span> 
     </span>
    </p>
   </div>
   <div class='ocr_carea' id='block_1_3' title="bbox 125 1096 779 1456">
    <p class='ocr_par' dir='ltr' id='par_1_4' title="bbox 198 1096 761 1174">
     <span class='ocr_line' id='line_1_10' title="bbox 198 1096 761 1174; baseline 0.004 -19"><span class='ocrx_word' id='word_1_72' title='bbox 198 1096 389 1165; x_wconf 63' lang='grc' dir='ltr'><strong>Ἱππομέδοντος</strong></span> <span class='ocrx_word' id='word_1_73' title='bbox 404 1103 496 1174; x_wconf 64' lang='lat' dir='ltr'><strong>oppipare</strong></span> <span class='ocrx_word' id='word_1_74' title='bbox 509 1101 556 1156; x_wconf 72' lang='lat' dir='ltr'><strong>ul</strong></span> <span class='ocrx_word' id='word_1_75' title='bbox 565 1097 649 1173; x_wconf 72' lang='grc' dir='ltr'><strong>μὲγοις</strong></span> <span class='ocrx_word' id='word_1_76' title='bbox 670 1097 761 1166; x_wconf 70' lang='grc' dir='ltr'><strong>οὗτος,</strong></span> 
     </span>
    </p>

    <p class='ocr_par' dir='ltr' id='par_1_5' title="bbox 125 1175 779 1354">
     <span class='ocr_line' id='line_1_11' title="bbox 201 1175 779 1260; baseline 0 -22"><span class='ocrx_word' id='word_1_77' title='bbox 201 1181 392 1259; x_wconf 62' lang='grc' dir='ltr'><strong>Ποοςθτοοποοῖος</strong></span> <span class='ocrx_word' id='word_1_78' title='bbox 407 1177 512 1260; x_wconf 69' lang='lat' dir='ltr'><strong>&#39;Agesis&#39;</strong></span> <span class='ocrx_word' id='word_1_79' title='bbox 527 1183 538 1237; x_wconf 84' lang='lat' dir='ltr'><strong>s‘</strong></span> <span class='ocrx_word' id='word_1_80' title='bbox 552 1176 577 1237; x_wconf 74' lang='lat' dir='ltr'><strong>di</strong></span> <span class='ocrx_word' id='word_1_81' title='bbox 591 1175 682 1238; x_wconf 53' lang='grc' dir='ltr'><strong>ποῦσθ’</strong></span> <span class='ocrx_word' id='word_1_82' title='bbox 692 1179 779 1260; x_wconf 49' lang='lat' dir='ltr'><strong>sisic„</strong></span> 
     </span>
     <span class='ocr_line' id='line_1_12' title="bbox 125 1275 338 1354; baseline -0.014 -19"><span class='ocrx_word' id='word_1_83' title='bbox 125 1287 155 1335; x_wconf 90' lang='lat' dir='ltr'><strong>et</strong></span> <span class='ocrx_word' id='word_1_84' title='bbox 169 1275 338 1354; x_wconf 79' lang='lat' dir='ltr'><strong>Sophoclea,</strong></span> 
     </span>
    </p>

    <p class='ocr_par' dir='ltr' id='par_1_6' title="bbox 203 1373 703 1456">
     <span class='ocr_line' id='line_1_13' title="bbox 203 1373 703 1456; baseline 0.008 -22"><span class='ocrx_word' id='word_1_85' title='bbox 203 1377 394 1448; x_wconf 71' lang='grc' dir='ltr'><strong>Ἀλφεοίβοοοιο,</strong></span> <span class='ocrx_word' id='word_1_86' title='bbox 415 1373 443 1444; x_wconf 70' lang='lat' dir='ltr'><strong>iii</strong></span> <span class='ocrx_word' id='word_1_87' title='bbox 458 1379 469 1434; x_wconf 74' lang='grc' dir='ltr'><em>ὃ</em></span> <span class='ocrx_word' id='word_1_88' title='bbox 483 1379 596 1448; x_wconf 64' lang='lat' dir='ltr'><strong>patriotas</strong></span> <span class='ocrx_word' id='word_1_89' title='bbox 607 1379 703 1456; x_wconf 68' lang='grc' dir='ltr'><strong>ποιτῆς,</strong></span> 
     </span>
    </p>
   </div>
   <div class='ocr_carea' id='block_1_4' title="bbox 60 1466 1273 4402">
    <p class='ocr_par' dir='ltr' id='par_1_7' title="bbox 60 1466 1273 4402">
     <span class='ocr_line' id='line_1_14' title="bbox 124 1466 1227 1550; baseline -0.004 -20"><span class='ocrx_word' id='word_1_90' title='bbox 124 1471 201 1531; x_wconf 88' lang='lat' dir='ltr'><strong>Vide</strong></span> <span class='ocrx_word' id='word_1_91' title='bbox 216 1471 395 1531; x_wconf 90' lang='lat' dir='ltr'><strong>Priscianum</strong></span> <span class='ocrx_word' id='word_1_92' title='bbox 409 1492 437 1550; x_wconf 78' lang='lat' dir='ltr'><strong>p.</strong></span> <span class='ocrx_word' id='word_1_93' title='bbox 454 1477 540 1534; x_wconf 74' lang='lat'><strong>1328.</strong></span> <span class='ocrx_word' id='word_1_94' title='bbox 583 1471 689 1550; x_wconf 90' lang='lat' dir='ltr'><strong>Neque</strong></span> <span class='ocrx_word' id='word_1_95' title='bbox 711 1471 921 1543; x_wconf 80' lang='lat' dir='ltr'><strong>contenderIm,</strong></span> <span class='ocrx_word' id='word_1_96' title='bbox 942 1489 1002 1540; x_wconf 86' lang='lat' dir='ltr'><strong>nou</strong></span> <span class='ocrx_word' id='word_1_97' title='bbox 1021 1487 1107 1529; x_wconf 88' lang='lat' dir='ltr'><strong>usum</strong></span> <span class='ocrx_word' id='word_1_98' title='bbox 1129 1470 1184 1537; x_wconf 85' lang='lat' dir='ltr'><strong>hac</strong></span> <span class='ocrx_word' id='word_1_99' title='bbox 1202 1466 1227 1526; x_wconf 85' lang='lat' dir='ltr'><strong>li·</strong></span> 
     </span>
     <span class='ocr_line' id='line_1_15' title="bbox 106 1551 761 1633; baseline 0 -21"><span class='ocrx_word' id='word_1_100' title='bbox 106 1586 110 1599; x_wconf 76' lang='lat'><em>‹</em></span> <span class='ocrx_word' id='word_1_101' title='bbox 125 1551 221 1619; x_wconf 89' lang='lat' dir='ltr'><strong>centia</strong></span> <span class='ocrx_word' id='word_1_102' title='bbox 236 1553 410 1631; x_wconf 86' lang='lat' dir='ltr'><strong>Sophoclem</strong></span> <span class='ocrx_word' id='word_1_103' title='bbox 424 1572 487 1612; x_wconf 93' lang='lat' dir='ltr'><strong>esse</strong></span> <span class='ocrx_word' id='word_1_104' title='bbox 500 1554 531 1610; x_wconf 93' lang='lat' dir='ltr'><strong>in</strong></span> <span class='ocrx_word' id='word_1_105' title='bbox 545 1555 639 1633; x_wconf 89' lang='lat' dir='ltr'><strong>Ajace</strong></span> <span class='ocrx_word' id='word_1_106' title='bbox 653 1573 681 1612; x_wconf 90' lang='lat' dir='ltr'><strong>v.</strong></span> <span class='ocrx_word' id='word_1_107' title='bbox 691 1557 761 1615; x_wconf 79' lang='lat' dir='ltr'><strong>alo.</strong></span> 
     </span>
     <span class='ocr_line' id='line_1_16' title="bbox 203 1651 1273 1734; baseline 0 -22"><span class='ocrx_word' id='word_1_108' title='bbox 203 1658 260 1712; x_wconf 76' lang='grc' dir='ltr'><strong>ποοῒ</strong></span> <span class='ocrx_word' id='word_1_109' title='bbox 270 1661 313 1714; x_wconf 71' lang='grc' dir='ltr'><strong>τοῦ</strong></span> <span class='ocrx_word' id='word_1_110' title='bbox 327 1654 438 1734; x_wconf 67' lang='grc' dir='ltr'><strong>Φςυγίοο</strong></span> <span class='ocrx_word' id='word_1_111' title='bbox 448 1651 624 1727; x_wconf 62' lang='lat' dir='ltr'><strong>Turianam.</strong></span> <span class='ocrx_word' id='word_1_112' title='bbox 1271 1728 1273 1733; x_wconf 28' lang='grc' dir='ltr'>Ι</span> 
     </span>
     <span class='ocr_line' id='line_1_17' title="bbox 126 1744 1273 1830; baseline -0.001 -22"><span class='ocrx_word' id='word_1_113' title='bbox 126 1752 309 1828; x_wconf 82' lang='lat' dir='ltr'><strong>Quamquam</strong></span> <span class='ocrx_word' id='word_1_114' title='bbox 321 1750 414 1810; x_wconf 88' lang='lat' dir='ltr'><strong>facilis</strong></span> <span class='ocrx_word' id='word_1_115' title='bbox 427 1761 472 1810; x_wconf 88' lang='lat' dir='ltr'><strong>est</strong></span> <span class='ocrx_word' id='word_1_116' title='bbox 485 1761 516 1810; x_wconf 93' lang='lat' dir='ltr'><strong>et</strong></span> <span class='ocrx_word' id='word_1_117' title='bbox 529 1751 647 1829; x_wconf 80' lang='lat' dir='ltr'><strong>elegans</strong></span> <span class='ocrx_word' id='word_1_118' title='bbox 661 1755 829 1830; x_wconf 89' lang='lat' dir='ltr'><strong>conjectura</strong></span> <span class='ocrx_word' id='word_1_119' title='bbox 844 1750 966 1809; x_wconf 90' lang='lat' dir='ltr'><strong>Porsoni</strong></span> <span class='ocrx_word' id='word_1_120' title='bbox 979 1750 1018 1810; x_wconf 95' lang='lat' dir='ltr'><strong>ad</strong></span> <span class='ocrx_word' id='word_1_121' title='bbox 1031 1750 1110 1812; x_wconf 88' lang='lat' dir='ltr'><strong>Hec.</strong></span> <span class='ocrx_word' id='word_1_122' title='bbox 1134 1746 1232 1812; x_wconf 59' lang='lat' dir='ltr'><strong>llari</strong></span> <span class='ocrx_word' id='word_1_123' title='bbox 1269 1744 1273 1829; x_wconf 74' lang='lat'><strong>¹3</strong></span> 
     </span>
     <span class='ocr_line' id='line_1_18' title="bbox 126 1827 1273 1910; baseline -0.001 -20"><span class='ocrx_word' id='word_1_124' title='bbox 126 1828 310 1898; x_wconf 86' lang='lat' dir='ltr'><strong>inserendum</strong></span> <span class='ocrx_word' id='word_1_125' title='bbox 334 1832 472 1910; x_wconf 89' lang='lat' dir='ltr'><strong>putantis.</strong></span> <span class='ocrx_word' id='word_1_126' title='bbox 514 1832 582 1891; x_wconf 92' lang='lat' dir='ltr'><strong>Non</strong></span> <span class='ocrx_word' id='word_1_127' title='bbox 606 1832 684 1891; x_wconf 91' lang='lat' dir='ltr'><strong>enirn</strong></span> <span class='ocrx_word' id='word_1_128' title='bbox 705 1832 782 1890; x_wconf 91' lang='lat' dir='ltr'><strong>omni</strong></span> <span class='ocrx_word' id='word_1_129' title='bbox 804 1852 842 1891; x_wconf 85' lang='lat' dir='ltr'><strong>ex</strong></span> <span class='ocrx_word' id='word_1_130' title='bbox 857 1841 938 1910; x_wconf 90' lang='lat' dir='ltr'><strong>parte</strong></span> <span class='ocrx_word' id='word_1_131' title='bbox 952 1832 1000 1892; x_wconf 89' lang='lat' dir='ltr'><strong>hic</strong></span> <span class='ocrx_word' id='word_1_132' title='bbox 1013 1833 1096 1893; x_wconf 90' lang='lat' dir='ltr'><strong>locus</strong></span> <span class='ocrx_word' id='word_1_133' title='bbox 1110 1827 1231 1891; x_wconf 78' lang='lat' dir='ltr'><strong>cnnffl&#39;a</strong></span> <span class='ocrx_word' id='word_1_134' title='bbox 1269 1832 1273 1899; x_wconf 84' lang='lat' dir='ltr'><strong>l</strong></span> 
     </span>
     <span class='ocr_line' id='line_1_19' title="bbox 127 1904 1273 1993; baseline 0.001 -21"><span class='ocrx_word' id='word_1_135' title='bbox 127 1912 289 1991; x_wconf 86' lang='lat' dir='ltr'><strong>comparari</strong></span> <span class='ocrx_word' id='word_1_136' title='bbox 302 1926 409 1992; x_wconf 85' lang='lat' dir='ltr'><strong>potest,</strong></span> <span class='ocrx_word' id='word_1_137' title='bbox 430 1925 462 1973; x_wconf 91' lang='lat' dir='ltr'><strong>ut</strong></span> <span class='ocrx_word' id='word_1_138' title='bbox 476 1913 550 1973; x_wconf 86' lang='lat' dir='ltr'><strong>infra</strong></span> <span class='ocrx_word' id='word_1_139' title='bbox 562 1933 654 1993; x_wconf 90' lang='lat' dir='ltr'><strong>segm.</strong></span> <span class='ocrx_word' id='word_1_140' title='bbox 668 1911 911 1973; x_wconf 71' lang='lat' dir='ltr'><strong>21.indicabitur.</strong></span> <span class='ocrx_word' id='word_1_141' title='bbox 945 1917 949 1924; x_wconf 87' lang='lat'><em>&#39;</em></span> <span class='ocrx_word' id='word_1_142' title='bbox 1269 1904 1273 1973; x_wconf 87' lang='grc' dir='ltr'><strong>Ῑ</strong></span> 
     </span>
     <span class='ocr_line' id='line_1_20' title="bbox 167 1994 1236 2081; baseline -0.005 -25"><span class='ocrx_word' id='word_1_143' title='bbox 167 2000 196 2056; x_wconf 90' lang='grc'><strong>5.</strong></span> <span class='ocrx_word' id='word_1_144' title='bbox 217 1995 470 2068; x_wconf 71' lang='lat' dir='ltr'><strong>Coaaar’rrouas</strong></span> <span class='ocrx_word' id='word_1_145' title='bbox 484 1995 636 2074; x_wconf 84' lang='lat' dir='ltr'><strong>longarum</strong></span> <span class='ocrx_word' id='word_1_146' title='bbox 649 1995 803 2068; x_wconf 81' lang='lat' dir='ltr'><strong>vocalium,</strong></span> <span class='ocrx_word' id='word_1_147' title='bbox 823 2014 889 2081; x_wconf 86' lang='lat' dir='ltr'><strong>quae</strong></span> <span class='ocrx_word' id='word_1_148' title='bbox 903 2014 962 2054; x_wconf 91' lang='lat' dir='ltr'><strong>non</strong></span> <span class='ocrx_word' id='word_1_149' title='bbox 983 1994 1078 2068; x_wconf 89' lang='lat' dir='ltr'><strong>aliam,</strong></span> <span class='ocrx_word' id='word_1_150' title='bbox 1102 2013 1186 2074; x_wconf 88' lang='lat' dir='ltr'><strong>quarn</strong></span> <span class='ocrx_word' id='word_1_151' title='bbox 1205 2006 1236 2051; x_wconf 75' lang='grc' dir='ltr'><strong>οι</strong></span> 
     </span>
     <span class='ocr_line' id='line_1_21' title="bbox 128 2070 1273 2161; baseline -0.004 -26"><span class='ocrx_word' id='word_1_152' title='bbox 128 2077 214 2135; x_wconf 87' lang='lat' dir='ltr'><strong>metri</strong></span> <span class='ocrx_word' id='word_1_153' title='bbox 236 2077 453 2150; x_wconf 83' lang='lat' dir='ltr'><strong>commoditate,</strong></span> <span class='ocrx_word' id='word_1_154' title='bbox 476 2078 694 2141; x_wconf 71' lang='lat' dir='ltr'><strong>excubationem</strong></span> <span class='ocrx_word' id='word_1_155' title='bbox 708 2076 844 2148; x_wconf 89' lang='lat' dir='ltr'><strong>habeant,</strong></span> <span class='ocrx_word' id='word_1_156' title='bbox 865 2096 989 2154; x_wconf 77' lang='lat' dir='ltr'><strong>perrara</strong></span> <span class='ocrx_word' id='word_1_157' title='bbox 1003 2088 1079 2145; x_wconf 90' lang='lat' dir='ltr'><strong>suut,</strong></span> <span class='ocrx_word' id='word_1_158' title='bbox 1101 2087 1132 2136; x_wconf 90' lang='lat' dir='ltr'><strong>et</strong></span> <span class='ocrx_word' id='word_1_159' title='bbox 1145 2070 1235 2136; x_wconf 67' lang='lat' dir='ltr'><strong>feren</strong></span> <span class='ocrx_word' id='word_1_160' title='bbox 1270 2100 1273 2161; x_wconf 62' lang='lat' dir='ltr'><strong>p</strong></span> 
     </span>
     <span class='ocr_line' id='line_1_22' title="bbox 128 2152 1273 2239; baseline 0 -22"><span class='ocrx_word' id='word_1_161' title='bbox 128 2159 294 2217; x_wconf 83' lang='lat' dir='ltr'><strong>nourinibus</strong></span> <span class='ocrx_word' id='word_1_162' title='bbox 307 2159 430 2238; x_wconf 88' lang='lat' dir='ltr'><strong>propriis</strong></span> <span class='ocrx_word' id='word_1_163' title='bbox 443 2159 615 2232; x_wconf 87' lang='lat' dir='ltr'><strong>consistunt,</strong></span> <span class='ocrx_word' id='word_1_164' title='bbox 637 2169 670 2217; x_wconf 90' lang='lat' dir='ltr'><strong>ut</strong></span> <span class='ocrx_word' id='word_1_165' title='bbox 682 2159 713 2216; x_wconf 89' lang='lat' dir='ltr'><strong>in</strong></span> <span class='ocrx_word' id='word_1_166' title='bbox 734 2158 948 2239; x_wconf 81' lang='lat' dir='ltr'><strong>epigrammatis</strong></span> <span class='ocrx_word' id='word_1_167' title='bbox 968 2156 1129 2228; x_wconf 64' lang='lat' dir='ltr'><strong>omullus,</strong></span> <span class='ocrx_word' id='word_1_168' title='bbox 1149 2152 1237 2227; x_wconf 65' lang='lat' dir='ltr'><strong>‘Postu&#39;-</strong></span> <span class='ocrx_word' id='word_1_169' title='bbox 1269 2176 1273 2233; x_wconf 63' lang='grc' dir='ltr'><strong>ξ</strong></span> 
     </span>
     <span class='ocr_line' id='line_1_23' title="bbox 60 2232 1273 2320; baseline 0.001 -20"><span class='ocrx_word' id='word_1_170' title='bbox 60 2251 63 2255; x_wconf 86' lang='grc'><strong>“</strong></span> <span class='ocrx_word' id='word_1_171' title='bbox 130 2268 184 2313; x_wconf 64' lang='grc' dir='ltr'><strong>νιος,</strong></span> <span class='ocrx_word' id='word_1_172' title='bbox 205 2239 251 2299; x_wconf 89' lang='lat' dir='ltr'><strong>vel</strong></span> <span class='ocrx_word' id='word_1_173' title='bbox 266 2241 397 2301; x_wconf 60' lang='lat' dir='ltr'><strong>’aulneto</strong></span> <span class='ocrx_word' id='word_1_174' title='bbox 410 2241 488 2320; x_wconf 86' lang='lat' dir='ltr'><strong>apud</strong></span> <span class='ocrx_word' id='word_1_175' title='bbox 502 2240 625 2311; x_wconf 80' lang='lat' dir='ltr'><strong>Pausan.</strong></span> <span class='ocrx_word' id='word_1_176' title='bbox 641 2240 680 2312; x_wconf 91' lang='lat' dir='ltr'><strong>V,</strong></span> <span class='ocrx_word' id='word_1_177' title='bbox 698 2245 743 2301; x_wconf 90' lang='lat'><strong>19.</strong></span> <span class='ocrx_word' id='word_1_178' title='bbox 761 2247 786 2301; x_wconf 96' lang='grc'><strong>1.</strong></span> <span class='ocrx_word' id='word_1_179' title='bbox 801 2239 831 2296; x_wconf 93' lang='lat' dir='ltr'><strong>in</strong></span> <span class='ocrx_word' id='word_1_180' title='bbox 845 2239 930 2300; x_wconf 85' lang='lat' dir='ltr'><strong>versu</strong></span> <span class='ocrx_word' id='word_1_181' title='bbox 940 2239 1050 2300; x_wconf 90' lang='lat' dir='ltr'><strong>indocti</strong></span> <span class='ocrx_word' id='word_1_182' title='bbox 1058 2239 1184 2305; x_wconf 84' lang='lat' dir='ltr'><strong>artificis.</strong></span> <span class='ocrx_word' id='word_1_183' title='bbox 1201 2232 1237 2295; x_wconf 71' lang='lat' dir='ltr'><strong>Bt</strong></span> <span class='ocrx_word' id='word_1_184' title='bbox 1269 2240 1273 2301; x_wconf 72' lang='grc' dir='ltr'><strong><em>ἱ</em></strong></span> 
     </span>
     <span class='ocr_line' id='line_1_24' title="bbox 128 2308 1273 2400; baseline -0.006 -17"><span class='ocrx_word' id='word_1_185' title='bbox 128 2320 278 2383; x_wconf 77' lang='lat' dir='ltr'><strong>retulerim</strong></span> <span class='ocrx_word' id='word_1_186' title='bbox 303 2323 391 2381; x_wconf 92' lang='lat' dir='ltr'><strong>etiarn</strong></span> <span class='ocrx_word' id='word_1_187' title='bbox 406 2321 576 2392; x_wconf 59' lang='lat' dir='ltr'><strong>&#39;Easocollaa</strong></span> <span class='ocrx_word' id='word_1_188' title='bbox 596 2323 626 2381; x_wconf 92' lang='lat' dir='ltr'><strong>in</strong></span> <span class='ocrx_word' id='word_1_189' title='bbox 641 2321 732 2379; x_wconf 90' lang='lat' dir='ltr'><strong>Hom.</strong></span> <span class='ocrx_word' id='word_1_190' title='bbox 752 2322 852 2400; x_wconf 82' lang='lat' dir='ltr'><strong>hymn.</strong></span> <span class='ocrx_word' id='word_1_191' title='bbox 867 2322 935 2382; x_wconf 91' lang='lat' dir='ltr'><strong>Cer.</strong></span> <span class='ocrx_word' id='word_1_192' title='bbox 951 2327 1019 2384; x_wconf 89' lang='grc'><strong>105.</strong></span> <span class='ocrx_word' id='word_1_193' title='bbox 1061 2323 1163 2399; x_wconf 78' lang='lat' dir='ltr'><strong>Atque</strong></span> <span class='ocrx_word' id='word_1_194' title='bbox 1174 2308 1240 2376; x_wconf 76' lang='lat' dir='ltr'><strong>haud</strong></span> <span class='ocrx_word' id='word_1_195' title='bbox 1267 2330 1273 2361; x_wconf 74' lang='lat' dir='ltr'><strong>r</strong></span> 
     </span>
     <span class='ocr_line' id='line_1_25' title="bbox 129 2397 1273 2481; baseline -0.003 -20"><span class='ocrx_word' id='word_1_196' title='bbox 129 2402 201 2473; x_wconf 91' lang='lat' dir='ltr'><strong>scio,</strong></span> <span class='ocrx_word' id='word_1_197' title='bbox 222 2422 260 2461; x_wconf 90' lang='lat' dir='ltr'><strong>an</strong></span> <span class='ocrx_word' id='word_1_198' title='bbox 274 2402 369 2481; x_wconf 88' lang='lat' dir='ltr'><strong>ipsum</strong></span> <span class='ocrx_word' id='word_1_199' title='bbox 381 2422 488 2462; x_wconf 90' lang='lat' dir='ltr'><strong>nomen</strong></span> <span class='ocrx_word' id='word_1_200' title='bbox 503 2406 650 2469; x_wconf 69' lang='grc' dir='ltr'><strong>Ἐλευσίνιος</strong></span> <span class='ocrx_word' id='word_1_201' title='bbox 664 2402 693 2459; x_wconf 92' lang='lat' dir='ltr'><strong>in</strong></span> <span class='ocrx_word' id='word_1_202' title='bbox 714 2402 759 2460; x_wconf 92' lang='lat' dir='ltr'><strong>his</strong></span> <span class='ocrx_word' id='word_1_203' title='bbox 776 2402 987 2462; x_wconf 90' lang='lat' dir='ltr'><strong>numerandum</strong></span> <span class='ocrx_word' id='word_1_204' title='bbox 1008 2402 1055 2462; x_wconf 93' lang='lat' dir='ltr'><strong>sit.</strong></span> <span class='ocrx_word' id='word_1_205' title='bbox 1098 2403 1173 2466; x_wconf 85' lang='lat' dir='ltr'><strong>Nam</strong></span> <span class='ocrx_word' id='word_1_206' title='bbox 1194 2397 1240 2457; x_wconf 83' lang='lat' dir='ltr'><strong>lut·</strong></span> <span class='ocrx_word' id='word_1_207' title='bbox 1271 2402 1273 2423; x_wconf 92' lang='lat'>&#39;</span> 
     </span>
     <span class='ocr_line' id='line_1_26' title="bbox 130 2482 1273 2561; baseline 0.004 -21"><span class='ocrx_word' id='word_1_208' title='bbox 130 2503 208 2553; x_wconf 85' lang='lat' dir='ltr'><strong>mam</strong></span> <span class='ocrx_word' id='word_1_209' title='bbox 223 2490 372 2551; x_wconf 69' lang='grc' dir='ltr'><strong>Ἐλευσῖνος,</strong></span> <span class='ocrx_word' id='word_1_210' title='bbox 394 2502 481 2561; x_wconf 83' lang='lat' dir='ltr'><strong>quam</strong></span> <span class='ocrx_word' id='word_1_211' title='bbox 495 2484 572 2542; x_wconf 90' lang='lat' dir='ltr'><strong>tueri</strong></span> <span class='ocrx_word' id='word_1_212' title='bbox 591 2482 703 2555; x_wconf 79' lang='lat' dir='ltr'><strong>studuit</strong></span> <span class='ocrx_word' id='word_1_213' title='bbox 724 2482 761 2542; x_wconf 94' lang='lat' dir='ltr'><strong>V.</strong></span> <span class='ocrx_word' id='word_1_214' title='bbox 783 2484 824 2544; x_wconf 91' lang='lat' dir='ltr'><strong>D.</strong></span> <span class='ocrx_word' id='word_1_215' title='bbox 841 2485 871 2542; x_wconf 92' lang='lat' dir='ltr'><strong>in</strong></span> <span class='ocrx_word' id='word_1_216' title='bbox 890 2485 998 2546; x_wconf 83' lang='lat' dir='ltr'><strong>Museo</strong></span> <span class='ocrx_word' id='word_1_217' title='bbox 1019 2482 1124 2545; x_wconf 87' lang='lat' dir='ltr'><strong>critico</strong></span> <span class='ocrx_word' id='word_1_218' title='bbox 1147 2483 1240 2545; x_wconf 56' lang='lat' dir='ltr'><strong>Cant*</strong></span> <span class='ocrx_word' id='word_1_219' title='bbox 1271 2530 1273 2537; x_wconf 89' lang='lat'><strong>.</strong></span> 
     </span>
     <span class='ocr_line' id='line_1_27' title="bbox 129 2559 1273 2644; baseline 0.003 -20"><span class='ocrx_word' id='word_1_220' title='bbox 129 2562 268 2642; x_wconf 90' lang='lat' dir='ltr'><strong>brigiensi</strong></span> <span class='ocrx_word' id='word_1_221' title='bbox 277 2564 318 2623; x_wconf 90' lang='grc' dir='ltr'><strong>Ῥ.</strong></span> <span class='ocrx_word' id='word_1_222' title='bbox 332 2565 374 2624; x_wconf 91' lang='lat' dir='ltr'><strong>lI.</strong></span> <span class='ocrx_word' id='word_1_223' title='bbox 386 2585 416 2643; x_wconf 88' lang='lat' dir='ltr'><strong>p.</strong></span> <span class='ocrx_word' id='word_1_224' title='bbox 431 2569 500 2624; x_wconf 90' lang='lat'><strong>181.</strong></span> <span class='ocrx_word' id='word_1_225' title='bbox 512 2576 603 2636; x_wconf 80' lang='lat' dir='ltr'><strong>recte,</strong></span> <span class='ocrx_word' id='word_1_226' title='bbox 625 2564 680 2623; x_wconf 90' lang='lat' dir='ltr'><strong>nisi</strong></span> <span class='ocrx_word' id='word_1_227' title='bbox 693 2563 787 2638; x_wconf 89' lang='lat' dir='ltr'><strong>fallor,</strong></span> <span class='ocrx_word' id='word_1_228' title='bbox 803 2565 958 2625; x_wconf 84' lang='lat' dir='ltr'><strong>Salmasius</strong></span> <span class='ocrx_word' id='word_1_229' title='bbox 971 2566 1009 2631; x_wconf 87' lang='lat' dir='ltr'><strong>ad</strong></span> <span class='ocrx_word' id='word_1_230' title='bbox 1024 2565 1142 2644; x_wconf 88' lang='lat' dir='ltr'><strong>Scriptt.</strong></span> <span class='ocrx_word' id='word_1_231' title='bbox 1157 2559 1241 2627; x_wconf 53' lang='grc' dir='ltr'><strong>ΗΛ,</strong></span> <span class='ocrx_word' id='word_1_232' title='bbox 1271 2582 1273 2633; x_wconf 77' lang='grc' dir='ltr'><strong><em>ζ</em></strong></span> 
     </span>
     <span class='ocr_line' id='line_1_28' title="bbox 129 2646 1273 2727; baseline -0.001 -23"><span class='ocrx_word' id='word_1_233' title='bbox 129 2667 160 2727; x_wconf 86' lang='lat' dir='ltr'><strong>p.</strong></span> <span class='ocrx_word' id='word_1_234' title='bbox 174 2648 244 2705; x_wconf 79' lang='grc'><strong>202.</strong></span> <span class='ocrx_word' id='word_1_235' title='bbox 264 2646 410 2726; x_wconf 88' lang='lat' dir='ltr'><strong>propriam</strong></span> <span class='ocrx_word' id='word_1_236' title='bbox 424 2665 487 2705; x_wconf 89' lang='lat' dir='ltr'><strong>esse</strong></span> <span class='ocrx_word' id='word_1_237' title='bbox 507 2646 680 2712; x_wconf 87' lang='lat' dir='ltr'><strong>Latinorum</strong></span> <span class='ocrx_word' id='word_1_238' title='bbox 694 2647 824 2725; x_wconf 86' lang='lat' dir='ltr'><strong>putabat.</strong></span> <span class='ocrx_word' id='word_1_239' title='bbox 866 2647 979 2708; x_wconf 89' lang='lat' dir='ltr'><strong>Poterit</strong></span> <span class='ocrx_word' id='word_1_240' title='bbox 991 2667 1060 2708; x_wconf 87' lang='lat' dir='ltr'><strong>vero</strong></span> <span class='ocrx_word' id='word_1_241' title='bbox 1074 2647 1113 2706; x_wconf 90' lang='lat' dir='ltr'><strong>ad</strong></span> <span class='ocrx_word' id='word_1_242' title='bbox 1125 2646 1242 2707; x_wconf 75' lang='lat' dir='ltr'><strong>hassor-</strong></span> <span class='ocrx_word' id='word_1_243' title='bbox 1269 2672 1273 2713; x_wconf 78' lang='grc' dir='ltr'><strong>ι,</strong></span> 
     </span>
     <span class='ocr_line' id='line_1_29' title="bbox 130 2722 1273 2813; baseline 0.003 -29"><span class='ocrx_word' id='word_1_244' title='bbox 130 2725 279 2807; x_wconf 90' lang='lat' dir='ltr'><strong>reptiones</strong></span> <span class='ocrx_word' id='word_1_245' title='bbox 301 2726 403 2786; x_wconf 88' lang='lat' dir='ltr'><strong>referri</strong></span> <span class='ocrx_word' id='word_1_246' title='bbox 426 2746 531 2788; x_wconf 89' lang='lat' dir='ltr'><strong>nomen</strong></span> <span class='ocrx_word' id='word_1_247' title='bbox 555 2728 658 2813; x_wconf 59' lang='lat' dir='ltr'><strong>mosis,</strong></span> <span class='ocrx_word' id='word_1_248' title='bbox 677 2727 770 2808; x_wconf 88' lang='lat' dir='ltr'><strong>prima</strong></span> <span class='ocrx_word' id='word_1_249' title='bbox 782 2727 873 2799; x_wconf 86' lang='lat' dir='ltr'><strong>brevi,</strong></span> <span class='ocrx_word' id='word_1_250' title='bbox 895 2729 932 2788; x_wconf 87' lang='lat' dir='ltr'><strong>de</strong></span> <span class='ocrx_word' id='word_1_251' title='bbox 946 2749 1006 2808; x_wconf 93' lang='lat' dir='ltr'><strong>quo</strong></span> <span class='ocrx_word' id='word_1_252' title='bbox 1018 2729 1130 2788; x_wconf 91' lang='lat' dir='ltr'><strong>dictum</strong></span> <span class='ocrx_word' id='word_1_253' title='bbox 1144 2728 1174 2786; x_wconf 92' lang='lat' dir='ltr'><strong>in</strong></span> <span class='ocrx_word' id='word_1_254' title='bbox 1186 2722 1243 2787; x_wconf 69' lang='lat' dir='ltr'><strong>dil.-</strong></span> <span class='ocrx_word' id='word_1_255' title='bbox 1267 2742 1273 2809; x_wconf 49' lang='grc' dir='ltr'>Ἰ</span> 
     </span>
     <span class='ocr_line' id='line_1_30' title="bbox 100 2802 1273 2890; baseline -0.004 -22"><span class='ocrx_word' id='word_1_256' title='bbox 100 2804 105 2811; x_wconf 88' lang='grc'>’</span> <span class='ocrx_word' id='word_1_257' title='bbox 132 2809 170 2868; x_wconf 90' lang='lat' dir='ltr'><strong>de</strong></span> <span class='ocrx_word' id='word_1_258' title='bbox 195 2808 321 2868; x_wconf 90' lang='lat' dir='ltr'><strong>dialecto</strong></span> <span class='ocrx_word' id='word_1_259' title='bbox 345 2807 463 2875; x_wconf 87' lang='lat' dir='ltr'><strong>Pindari</strong></span> <span class='ocrx_word' id='word_1_260' title='bbox 486 2831 515 2888; x_wconf 92' lang='lat' dir='ltr'><strong>p.</strong></span> <span class='ocrx_word' id='word_1_261' title='bbox 540 2815 568 2870; x_wconf 89' lang='lat'><strong>9.</strong></span> <span class='ocrx_word' id='word_1_262' title='bbox 593 2832 620 2867; x_wconf 85' lang='lat' dir='ltr'><strong>v.</strong></span> <span class='ocrx_word' id='word_1_263' title='bbox 644 2809 831 2871; x_wconf 80' lang='lat' dir='ltr'><strong>Boeckhium&#39;</strong></span> <span class='ocrx_word' id='word_1_264' title='bbox 847 2809 885 2869; x_wconf 92' lang='lat' dir='ltr'><strong>ad</strong></span> <span class='ocrx_word' id='word_1_265' title='bbox 905 2809 991 2871; x_wconf 79' lang='lat' dir='ltr'><strong>Pina</strong></span> <span class='ocrx_word' id='word_1_266' title='bbox 1015 2810 1103 2890; x_wconf 88' lang='lat' dir='ltr'><strong>Pyth.</strong></span> <span class='ocrx_word' id='word_1_267' title='bbox 1123 2802 1244 2871; x_wconf 61' lang='lat' dir='ltr'><strong>taint.</strong></span> <span class='ocrx_word' id='word_1_268' title='bbox 1271 2848 1273 2853; x_wconf 84' lang='lat'>-</span> 
     </span>
     <span class='ocr_line' id='line_1_31' title="bbox 133 2883 1243 2970; baseline -0.002 -19"><span class='ocrx_word' id='word_1_269' title='bbox 133 2891 203 2951; x_wconf 81' lang='lat' dir='ltr'><strong>Alia</strong></span> <span class='ocrx_word' id='word_1_270' title='bbox 215 2892 302 2970; x_wconf 88' lang='lat' dir='ltr'><strong>hujus</strong></span> <span class='ocrx_word' id='word_1_271' title='bbox 316 2889 431 2969; x_wconf 84' lang='lat' dir='ltr'><strong>generis</strong></span> <span class='ocrx_word' id='word_1_272' title='bbox 444 2889 579 2969; x_wconf 84' lang='lat' dir='ltr'><strong>exempla</strong></span> <span class='ocrx_word' id='word_1_273' title='bbox 591 2889 784 2970; x_wconf 87' lang='lat' dir='ltr'><strong>suspicionem</strong></span> <span class='ocrx_word' id='word_1_274' title='bbox 797 2891 907 2969; x_wconf 76' lang='lat' dir='ltr'><strong>habent</strong></span> <span class='ocrx_word' id='word_1_275' title='bbox 926 2892 999 2968; x_wconf 84' lang='lat' dir='ltr'><strong>sitii,</strong></span> <span class='ocrx_word' id='word_1_276' title='bbox 1023 2903 1056 2964; x_wconf 84' lang='lat' dir='ltr'><strong>ut</strong></span> <span class='ocrx_word' id='word_1_277' title='bbox 1075 2889 1149 2956; x_wconf 88' lang='lat' dir='ltr'><strong>illud</strong></span> <span class='ocrx_word' id='word_1_278' title='bbox 1171 2883 1243 2949; x_wconf 77' lang='lat' dir='ltr'><strong>unt</strong></span> 
     </span>
     <span class='ocr_line' id='line_1_32' title="bbox 127 2974 1273 3046; baseline 0 -1"><span class='ocrx_word' id='word_1_279' title='bbox 127 3001 152 3045; x_wconf 58' lang='grc' dir='ltr'><strong>θ’</strong></span> <span class='ocrx_word' id='word_1_280' title='bbox 166 2975 215 3046; x_wconf 71' lang='lat'><strong>29.</strong></span> <span class='ocrx_word' id='word_1_281' title='bbox 855 3016 858 3023; x_wconf 90' lang='lat'>·</span> <span class='ocrx_word' id='word_1_282' title='bbox 1208 2976 1210 2983; x_wconf 60' lang='lat'><strong>.</strong></span> <span class='ocrx_word' id='word_1_283' title='bbox 1240 3015 1243 3019; x_wconf 90' lang='lat'>·</span> <span class='ocrx_word' id='word_1_284' title='bbox 1269 2974 1273 2987; x_wconf 38' lang='grc' dir='ltr'>Ι</span> 
     </span>
     <span class='ocr_line' id='line_1_33' title="bbox 213 3067 1273 3152; baseline 0.004 -23"><span class='ocrx_word' id='word_1_285' title='bbox 213 3076 253 3130; x_wconf 75' lang='lat' dir='ltr'><strong>sia</strong></span> <span class='ocrx_word' id='word_1_286' title='bbox 266 3071 310 3147; x_wconf 70' lang='lat' dir='ltr'><strong>pair</strong></span> <span class='ocrx_word' id='word_1_287' title='bbox 319 3069 378 3142; x_wconf 68' lang='lat' dir='ltr'><strong>ipsis</strong></span> <span class='ocrx_word' id='word_1_288' title='bbox 390 3067 454 3131; x_wconf 62' lang='lat' dir='ltr'><strong>lato</strong></span> <span class='ocrx_word' id='word_1_289' title='bbox 467 3069 589 3152; x_wconf 69' lang='grc' dir='ltr'><strong>ῥνοᾶμοο,</strong></span> <span class='ocrx_word' id='word_1_290' title='bbox 609 3071 795 3145; x_wconf 64' lang='lat' dir='ltr'><strong>mitissimos</strong></span> <span class='ocrx_word' id='word_1_291' title='bbox 808 3072 893 3141; x_wconf 68' lang='lat' dir='ltr'><strong>adsta.</strong></span> <span class='ocrx_word' id='word_1_292' title='bbox 1270 3122 1273 3143; x_wconf 74' lang='lat'>÷</span> 
     </span>
     <span class='ocr_line' id='line_1_34' title="bbox 171 3166 1245 3249; baseline -0.006 -19"><span class='ocrx_word' id='word_1_293' title='bbox 171 3174 203 3230; x_wconf 84' lang='grc'><strong>5.</strong></span> <span class='ocrx_word' id='word_1_294' title='bbox 225 3169 394 3246; x_wconf 88' lang='lat' dir='ltr'><strong>Sequuntur</strong></span> <span class='ocrx_word' id='word_1_295' title='bbox 416 3166 624 3246; x_wconf 87' lang='lat' dir='ltr'><strong>productiones</strong></span> <span class='ocrx_word' id='word_1_296' title='bbox 646 3178 678 3227; x_wconf 90' lang='lat' dir='ltr'><strong>et</strong></span> <span class='ocrx_word' id='word_1_297' title='bbox 698 3171 896 3249; x_wconf 87' lang='lat' dir='ltr'><strong>correptiones</strong></span> <span class='ocrx_word' id='word_1_298' title='bbox 916 3188 969 3241; x_wconf 83' lang='lat' dir='ltr'><strong>eae,</strong></span> <span class='ocrx_word' id='word_1_299' title='bbox 990 3168 1140 3248; x_wconf 90' lang='lat' dir='ltr'><strong>inquibus</strong></span> <span class='ocrx_word' id='word_1_300' title='bbox 1154 3181 1245 3227; x_wconf 88' lang='lat' dir='ltr'><strong>conso·</strong></span> 
     </span>
     <span class='ocr_line' id='line_1_35' title="bbox 133 3244 1273 3329; baseline -0.003 -19"><span class='ocrx_word' id='word_1_301' title='bbox 133 3250 266 3310; x_wconf 90' lang='lat' dir='ltr'><strong>nantium</strong></span> <span class='ocrx_word' id='word_1_302' title='bbox 280 3249 322 3306; x_wconf 91' lang='lat' dir='ltr'><strong>vis</strong></span> <span class='ocrx_word' id='word_1_303' title='bbox 334 3259 494 3328; x_wconf 89' lang='lat' dir='ltr'><strong>spectatur.</strong></span> <span class='ocrx_word' id='word_1_304' title='bbox 535 3250 584 3309; x_wconf 90' lang='lat' dir='ltr'><strong>Ac</strong></span> <span class='ocrx_word' id='word_1_305' title='bbox 597 3259 710 3310; x_wconf 89' lang='lat' dir='ltr'><strong>veteres</strong></span> <span class='ocrx_word' id='word_1_306' title='bbox 723 3251 808 3329; x_wconf 89' lang='lat' dir='ltr'><strong>epici,</strong></span> <span class='ocrx_word' id='word_1_307' title='bbox 851 3271 954 3312; x_wconf 90' lang='lat' dir='ltr'><strong>uorum</strong></span> <span class='ocrx_word' id='word_1_308' title='bbox 976 3250 1144 3310; x_wconf 86' lang='lat' dir='ltr'><strong>mollissima</strong></span> <span class='ocrx_word' id='word_1_309' title='bbox 1166 3244 1247 3309; x_wconf 78' lang='lat' dir='ltr'><strong>oratio</strong></span> <span class='ocrx_word' id='word_1_310' title='bbox 1270 3264 1273 3317; x_wconf 67' lang='lat'>5</span> 
     </span>
     <span class='ocr_line' id='line_1_36' title="bbox 135 3272 1273 3427; baseline -0.006 -35"><span class='ocrx_word' id='word_1_311' title='bbox 135 3344 191 3404; x_wconf 89' lang='lat' dir='ltr'><strong>est,</strong></span> <span class='ocrx_word' id='word_1_312' title='bbox 212 3350 271 3390; x_wconf 91' lang='lat' dir='ltr'><strong>non</strong></span> <span class='ocrx_word' id='word_1_313' title='bbox 286 3331 379 3389; x_wconf 88' lang='lat' dir='ltr'><strong>solum</strong></span> <span class='ocrx_word' id='word_1_314' title='bbox 392 3333 540 3409; x_wconf 86' lang='lat' dir='ltr'><strong>geminare</strong></span> <span class='ocrx_word' id='word_1_315' title='bbox 554 3342 748 3397; x_wconf 87' lang='lat' dir='ltr'><strong>consonantes</strong></span> <span class='ocrx_word' id='word_1_316' title='bbox 760 3272 884 3411; x_wconf 79' lang='lat' dir='ltr'><strong>liquidas</strong></span> <span class='ocrx_word' id='word_1_317' title='bbox 894 3337 1006 3404; x_wconf 73' lang='lat' dir='ltr'><strong>amant,</strong></span> <span class='ocrx_word' id='word_1_318' title='bbox 1026 3332 1076 3390; x_wconf 90' lang='lat' dir='ltr'><strong>sed</strong></span> <span class='ocrx_word' id='word_1_319' title='bbox 1092 3331 1180 3390; x_wconf 90' lang='lat' dir='ltr'><strong>etiam</strong></span> <span class='ocrx_word' id='word_1_320' title='bbox 1189 3336 1248 3389; x_wconf 79' lang='lat' dir='ltr'><strong>sote</strong></span> <span class='ocrx_word' id='word_1_321' title='bbox 1263 3338 1273 3427; x_wconf 65' lang='lat' dir='ltr'><strong>q*</strong></span> 
     </span>
     <span class='ocr_line' id='line_1_37' title="bbox 134 3410 1250 3493; baseline -0.004 -20"><span class='ocrx_word' id='word_1_322' title='bbox 134 3424 246 3485; x_wconf 83' lang='lat' dir='ltr'><strong>mutam</strong></span> <span class='ocrx_word' id='word_1_323' title='bbox 261 3431 329 3470; x_wconf 93' lang='lat' dir='ltr'><strong>cum</strong></span> <span class='ocrx_word' id='word_1_324' title='bbox 341 3410 452 3490; x_wconf 90' lang='lat' dir='ltr'><strong>liquida</strong></span> <span class='ocrx_word' id='word_1_325' title='bbox 463 3412 687 3491; x_wconf 89' lang='lat' dir='ltr'><strong>productionem</strong></span> <span class='ocrx_word' id='word_1_326' title='bbox 701 3426 840 3492; x_wconf 87' lang='lat' dir='ltr'><strong>usurpant</strong></span> <span class='ocrx_word' id='word_1_327' title='bbox 860 3426 893 3474; x_wconf 92' lang='lat' dir='ltr'><strong>ut</strong></span> <span class='ocrx_word' id='word_1_328' title='bbox 904 3414 1079 3493; x_wconf 88' lang='lat' dir='ltr'><strong>legitimam,</strong></span> <span class='ocrx_word' id='word_1_329' title='bbox 1101 3422 1250 3478; x_wconf 72' lang='lat' dir='ltr'><strong>sectatore!</strong></span> 
     </span>
     <span class='ocr_line' id='line_1_38' title="bbox 135 3493 1252 3575; baseline -0.005 -19"><span class='ocrx_word' id='word_1_330' title='bbox 135 3496 216 3556; x_wconf 89' lang='lat' dir='ltr'><strong>nacti</strong></span> <span class='ocrx_word' id='word_1_331' title='bbox 241 3493 477 3575; x_wconf 71' lang='lat' dir='ltr'><strong>iambographosr</strong></span> <span class='ocrx_word' id='word_1_332' title='bbox 498 3495 549 3572; x_wconf 90' lang='lat' dir='ltr'><strong>qui</strong></span> <span class='ocrx_word' id='word_1_333' title='bbox 572 3514 640 3553; x_wconf 88' lang='lat' dir='ltr'><strong>usus</strong></span> <span class='ocrx_word' id='word_1_334' title='bbox 663 3495 741 3573; x_wconf 89' lang='lat' dir='ltr'><strong>apud</strong></span> <span class='ocrx_word' id='word_1_335' title='bbox 765 3496 942 3563; x_wconf 81' lang='lat' dir='ltr'><strong>recentiores</strong></span> <span class='ocrx_word' id='word_1_336' title='bbox 962 3495 1071 3574; x_wconf 87' lang='lat' dir='ltr'><strong>epicos,</strong></span> <span class='ocrx_word' id='word_1_337' title='bbox 1092 3494 1252 3565; x_wconf 82' lang='lat' dir='ltr'><strong>Atticorum</strong></span> 
     </span>
     <span class='ocr_line' id='line_1_39' title="bbox 136 3574 1252 3656; baseline -0.005 -18"><span class='ocrx_word' id='word_1_338' title='bbox 136 3578 265 3638; x_wconf 85' lang='lat' dir='ltr'><strong>maxime</strong></span> <span class='ocrx_word' id='word_1_339' title='bbox 287 3579 434 3655; x_wconf 86' lang='lat' dir='ltr'><strong>exemplo,</strong></span> <span class='ocrx_word' id='word_1_340' title='bbox 455 3574 604 3654; x_wconf 84' lang='lat' dir='ltr'><strong>paullatim</strong></span> <span class='ocrx_word' id='word_1_341' title='bbox 625 3577 777 3654; x_wconf 87' lang='lat' dir='ltr'><strong>neglectus</strong></span> <span class='ocrx_word' id='word_1_342' title='bbox 791 3589 845 3649; x_wconf 89' lang='lat' dir='ltr'><strong>est,</strong></span> <span class='ocrx_word' id='word_1_343' title='bbox 868 3576 1040 3656; x_wconf 90' lang='lat' dir='ltr'><strong>usquedum</strong></span> <span class='ocrx_word' id='word_1_344' title='bbox 1056 3574 1181 3635; x_wconf 89' lang='lat' dir='ltr'><strong>Nonnus</strong></span> <span class='ocrx_word' id='word_1_345' title='bbox 1193 3584 1252 3632; x_wconf 75' lang='lat' dir='ltr'><strong>eun</strong></span> 
     </span>
     <span class='ocr_line' id='line_1_40' title="bbox 136 3656 1253 3738; baseline -0.006 -20"><span class='ocrx_word' id='word_1_346' title='bbox 136 3661 304 3732; x_wconf 85' lang='lat' dir='ltr'><strong>reduceret,</strong></span> <span class='ocrx_word' id='word_1_347' title='bbox 325 3668 358 3717; x_wconf 89' lang='lat' dir='ltr'><strong>ut</strong></span> <span class='ocrx_word' id='word_1_348' title='bbox 373 3660 403 3716; x_wconf 91' lang='lat' dir='ltr'><strong>in</strong></span> <span class='ocrx_word' id='word_1_349' title='bbox 417 3657 618 3718; x_wconf 88' lang='lat' dir='ltr'><strong>dissertatione</strong></span> <span class='ocrx_word' id='word_1_350' title='bbox 631 3657 669 3716; x_wconf 89' lang='lat' dir='ltr'><strong>de</strong></span> <span class='ocrx_word' id='word_1_351' title='bbox 690 3668 776 3728; x_wconf 75' lang='lat' dir='ltr'><strong>aetate</strong></span> <span class='ocrx_word' id='word_1_352' title='bbox 800 3657 912 3738; x_wconf 87' lang='lat' dir='ltr'><strong>Orphei</strong></span> <span class='ocrx_word' id='word_1_353' title='bbox 928 3656 1194 3736; x_wconf 84' lang='lat' dir='ltr'><strong>Argonauticorum</strong></span> <span class='ocrx_word' id='word_1_354' title='bbox 1213 3668 1253 3711; x_wconf 77' lang='lat' dir='ltr'><strong>ot·</strong></span> 
     </span>
     <span class='ocr_line' id='line_1_41' title="bbox 135 3738 1254 3823; baseline -0.01 -21"><span class='ocrx_word' id='word_1_355' title='bbox 135 3741 228 3810; x_wconf 82' lang='lat' dir='ltr'><strong>tendi,</strong></span> <span class='ocrx_word' id='word_1_356' title='bbox 249 3761 279 3818; x_wconf 89' lang='lat' dir='ltr'><strong>p.</strong></span> <span class='ocrx_word' id='word_1_357' title='bbox 293 3743 364 3803; x_wconf 84' lang='grc'><strong>755.</strong></span> <span class='ocrx_word' id='word_1_358' title='bbox 376 3759 457 3819; x_wconf 89' lang='lat' dir='ltr'><strong>seqq.</strong></span> <span class='ocrx_word' id='word_1_359' title='bbox 498 3740 589 3819; x_wconf 92' lang='lat' dir='ltr'><strong>Apud</strong></span> <span class='ocrx_word' id='word_1_360' title='bbox 601 3740 718 3800; x_wconf 87' lang='lat' dir='ltr'><strong>Atticos</strong></span> <span class='ocrx_word' id='word_1_361' title='bbox 732 3741 820 3810; x_wconf 91' lang='lat' dir='ltr'><strong>enim,</strong></span> <span class='ocrx_word' id='word_1_362' title='bbox 841 3738 878 3798; x_wconf 89' lang='lat' dir='ltr'><strong>de</strong></span> <span class='ocrx_word' id='word_1_363' title='bbox 892 3740 996 3819; x_wconf 90' lang='lat' dir='ltr'><strong>quibus</strong></span> <span class='ocrx_word' id='word_1_364' title='bbox 1009 3739 1120 3823; x_wconf 89' lang='lat' dir='ltr'><strong>primus</strong></span> <span class='ocrx_word' id='word_1_365' title='bbox 1133 3748 1254 3816; x_wconf 78' lang='lat' dir='ltr'><strong>quaerero</strong></span> 
     </span>
     <span class='ocr_line' id='line_1_42' title="bbox 126 3818 1256 3893; baseline -0.008 -9"><span class='ocrx_word' id='word_1_366' title='bbox 126 3818 266 3889; x_wconf 73' lang='lat' dir='ltr'><strong>‘instituit</strong></span> <span class='ocrx_word' id='word_1_367' title='bbox 280 3821 431 3880; x_wconf 85' lang='lat' dir='ltr'><strong>Dawesius</strong></span> <span class='ocrx_word' id='word_1_368' title='bbox 449 3822 479 3880; x_wconf 92' lang='lat' dir='ltr'><strong>in</strong></span> <span class='ocrx_word' id='word_1_369' title='bbox 500 3822 698 3883; x_wconf 88' lang='lat' dir='ltr'><strong>Miscellaneis</strong></span> <span class='ocrx_word' id='word_1_370' title='bbox 721 3822 840 3893; x_wconf 92' lang='lat' dir='ltr'><strong>criticis,</strong></span> <span class='ocrx_word' id='word_1_371' title='bbox 865 3821 981 3893; x_wconf 92' lang='lat' dir='ltr'><strong>comici,</strong></span> <span class='ocrx_word' id='word_1_372' title='bbox 1004 3820 1054 3878; x_wconf 92' lang='lat' dir='ltr'><strong>ubi</strong></span> <span class='ocrx_word' id='word_1_373' title='bbox 1079 3829 1256 3889; x_wconf 76' lang='lat' dir='ltr'><strong>communem</strong></span> 
     </span>
     <span class='ocr_line' id='line_1_43' title="bbox 138 3901 1257 3982; baseline -0.006 -20"><span class='ocrx_word' id='word_1_374' title='bbox 138 3921 302 3962; x_wconf 85' lang='lat' dir='ltr'><strong>sermonem</strong></span> <span class='ocrx_word' id='word_1_375' title='bbox 317 3901 477 3974; x_wconf 87' lang='lat' dir='ltr'><strong>imitantur,</strong></span> <span class='ocrx_word' id='word_1_376' title='bbox 496 3918 614 3982; x_wconf 89' lang='lat' dir='ltr'><strong>prorsus</strong></span> <span class='ocrx_word' id='word_1_377' title='bbox 627 3905 663 3963; x_wconf 90' lang='lat' dir='ltr'><strong>ab</strong></span> <span class='ocrx_word' id='word_1_378' title='bbox 683 3905 741 3962; x_wconf 93' lang='lat' dir='ltr'><strong>hoc</strong></span> <span class='ocrx_word' id='word_1_379' title='bbox 765 3920 872 3982; x_wconf 85' lang='lat' dir='ltr'><strong>genere</strong></span> <span class='ocrx_word' id='word_1_380' title='bbox 895 3901 1095 3982; x_wconf 90' lang='lat' dir='ltr'><strong>productionis</strong></span> <span class='ocrx_word' id='word_1_381' title='bbox 1117 3901 1257 3961; x_wconf 86' lang='lat' dir='ltr'><strong>abstinue·</strong></span> 
     </span>
     <span class='ocr_line' id='line_1_44' title="bbox 141 3981 1257 4064; baseline -0.003 -22"><span class='ocrx_word' id='word_1_382' title='bbox 141 3996 223 4044; x_wconf 86' lang='lat' dir='ltr'><strong>runt:</strong></span> <span class='ocrx_word' id='word_1_383' title='bbox 245 3983 348 4062; x_wconf 88' lang='lat' dir='ltr'><strong>tragici</strong></span> <span class='ocrx_word' id='word_1_384' title='bbox 362 3993 471 4058; x_wconf 89' lang='lat' dir='ltr'><strong>autem,</strong></span> <span class='ocrx_word' id='word_1_385' title='bbox 492 3985 521 4040; x_wconf 93' lang='lat' dir='ltr'><strong>in</strong></span> <span class='ocrx_word' id='word_1_386' title='bbox 542 3984 697 4064; x_wconf 88' lang='lat' dir='ltr'><strong>antiquiori</strong></span> <span class='ocrx_word' id='word_1_387' title='bbox 718 3986 844 4043; x_wconf 86' lang='lat' dir='ltr'><strong>maxime</strong></span> <span class='ocrx_word' id='word_1_388' title='bbox 865 3984 1016 4064; x_wconf 80' lang='lat' dir='ltr'><strong>tragoedia,</strong></span> <span class='ocrx_word' id='word_1_389' title='bbox 1036 3982 1167 4041; x_wconf 88' lang='lat' dir='ltr'><strong>medium</strong></span> <span class='ocrx_word' id='word_1_390' title='bbox 1188 3981 1257 4047; x_wconf 79' lang='lat' dir='ltr'><strong>inser</strong></span> 
     </span>
     <span class='ocr_line' id='line_1_45' title="bbox 142 4057 1255 4148; baseline -0.002 -23"><span class='ocrx_word' id='word_1_391' title='bbox 142 4063 242 4148; x_wconf 89' lang='lat' dir='ltr'><strong>epicos</strong></span> <span class='ocrx_word' id='word_1_392' title='bbox 269 4076 381 4125; x_wconf 88' lang='lat' dir='ltr'><strong>veteres</strong></span> <span class='ocrx_word' id='word_1_393' title='bbox 403 4077 434 4128; x_wconf 86' lang='lat' dir='ltr'><strong>et</strong></span> <span class='ocrx_word' id='word_1_394' title='bbox 455 4065 583 4124; x_wconf 90' lang='lat' dir='ltr'><strong>comicos</strong></span> <span class='ocrx_word' id='word_1_395' title='bbox 610 4077 741 4126; x_wconf 89' lang='lat' dir='ltr'><strong>tenuere.</strong></span> <span class='ocrx_word' id='word_1_396' title='bbox 800 4066 916 4139; x_wconf 87' lang='lat' dir='ltr'><strong>Similis,</strong></span> <span class='ocrx_word' id='word_1_397' title='bbox 947 4065 999 4124; x_wconf 90' lang='lat' dir='ltr'><strong>sed</strong></span> <span class='ocrx_word' id='word_1_398' title='bbox 1026 4064 1145 4143; x_wconf 91' lang='lat' dir='ltr'><strong>propior</strong></span> <span class='ocrx_word' id='word_1_399' title='bbox 1173 4057 1255 4142; x_wconf 70' lang='lat' dir='ltr'><strong>epid!</strong></span> 
     </span>
     <span class='ocr_line' id='line_1_46' title="bbox 140 4145 1258 4225; baseline -0.003 -20"><span class='ocrx_word' id='word_1_400' title='bbox 140 4145 300 4225; x_wconf 84' lang='lat' dir='ltr'><strong>lyricorum</strong></span> <span class='ocrx_word' id='word_1_401' title='bbox 315 4166 383 4206; x_wconf 90' lang='lat' dir='ltr'><strong>usus</strong></span> <span class='ocrx_word' id='word_1_402' title='bbox 397 4157 455 4208; x_wconf 86' lang='lat' dir='ltr'><strong>est:</strong></span> <span class='ocrx_word' id='word_1_403' title='bbox 475 4145 600 4224; x_wconf 90' lang='lat' dir='ltr'><strong>ideoque</strong></span> <span class='ocrx_word' id='word_1_404' title='bbox 613 4146 644 4205; x_wconf 90' lang='lat' dir='ltr'><strong>hi</strong></span> <span class='ocrx_word' id='word_1_405' title='bbox 658 4158 688 4205; x_wconf 91' lang='lat' dir='ltr'><strong>et</strong></span> <span class='ocrx_word' id='word_1_406' title='bbox 708 4147 857 4224; x_wconf 87' lang='lat' dir='ltr'><strong>geminant</strong></span> <span class='ocrx_word' id='word_1_407' title='bbox 881 4158 1082 4223; x_wconf 80' lang='lat' dir='ltr'><strong>consonantes,</strong></span> <span class='ocrx_word' id='word_1_408' title='bbox 1105 4145 1184 4224; x_wconf 90' lang='lat' dir='ltr'><strong>quod</strong></span> <span class='ocrx_word' id='word_1_409' title='bbox 1207 4155 1258 4202; x_wconf 84' lang='lat' dir='ltr'><strong>tra·</strong></span> 
     </span>
     <span class='ocr_line' id='line_1_47' title="bbox 142 4225 1260 4307; baseline -0.002 -21"><span class='ocrx_word' id='word_1_410' title='bbox 142 4227 203 4307; x_wconf 86' lang='lat' dir='ltr'><strong>gici</strong></span> <span class='ocrx_word' id='word_1_411' title='bbox 224 4246 282 4288; x_wconf 91' lang='lat' dir='ltr'><strong>non</strong></span> <span class='ocrx_word' id='word_1_412' title='bbox 305 4228 417 4289; x_wconf 83' lang='lat' dir='ltr'><strong>faciunt</strong></span> <span class='ocrx_word' id='word_1_413' title='bbox 439 4228 471 4287; x_wconf 92' lang='lat' dir='ltr'><strong>in</strong></span> <span class='ocrx_word' id='word_1_414' title='bbox 491 4227 593 4289; x_wconf 92' lang='lat' dir='ltr'><strong>iambis</strong></span> <span class='ocrx_word' id='word_1_415' title='bbox 614 4227 817 4306; x_wconf 88' lang='lat' dir='ltr'><strong>trochaeisque,</strong></span> <span class='ocrx_word' id='word_1_416' title='bbox 838 4231 893 4290; x_wconf 89' lang='lat' dir='ltr'><strong>etsi</strong></span> <span class='ocrx_word' id='word_1_417' title='bbox 913 4231 943 4289; x_wconf 90' lang='lat' dir='ltr'><strong>in</strong></span> <span class='ocrx_word' id='word_1_418' title='bbox 966 4228 1077 4289; x_wconf 88' lang='lat' dir='ltr'><strong>melicis</strong></span> <span class='ocrx_word' id='word_1_419' title='bbox 1100 4247 1161 4286; x_wconf 91' lang='lat' dir='ltr'><strong>nou</strong></span> <span class='ocrx_word' id='word_1_420' title='bbox 1181 4225 1260 4307; x_wconf 76' lang='lat' dir='ltr'><strong>ptam</strong></span> 
     </span>
     <span class='ocr_line' id='line_1_48' title="bbox 141 4306 1273 4402; baseline -0.001 -30"><span class='ocrx_word' id='word_1_421' title='bbox 141 4309 322 4402; x_wconf 70' lang='lat' dir='ltr'><strong>detrectant:</strong></span> <span class='ocrx_word' id='word_1_422' title='bbox 342 4309 605 4387; x_wconf 76' lang='lat' dir='ltr'><strong>vide-Erfurdtium</strong></span> <span class='ocrx_word' id='word_1_423' title='bbox 620 4311 658 4380; x_wconf 84' lang='lat' dir='ltr'><strong>ad</strong></span> <span class='ocrx_word' id='word_1_424' title='bbox 680 4309 770 4399; x_wconf 87' lang='lat' dir='ltr'><strong>Soph.</strong></span> <span class='ocrx_word' id='word_1_425' title='bbox 792 4315 840 4391; x_wconf 85' lang='lat' dir='ltr'><strong>Aj.</strong></span> <span class='ocrx_word' id='word_1_426' title='bbox 867 4317 933 4375; x_wconf 80' lang='lat'><strong>184.</strong></span> <span class='ocrx_word' id='word_1_427' title='bbox 957 4323 987 4372; x_wconf 90' lang='lat' dir='ltr'><strong>et</strong></span> <span class='ocrx_word' id='word_1_428' title='bbox 1008 4315 1058 4376; x_wconf 76' lang='lat'><strong>37.</strong></span> <span class='ocrx_word' id='word_1_429' title='bbox 1081 4320 1112 4370; x_wconf 87' lang='lat' dir='ltr'><strong>et</strong></span> <span class='ocrx_word' id='word_1_430' title='bbox 1135 4306 1273 4387; x_wconf 63' lang='lat' dir='ltr'><strong>vocalem-l</strong></span> 
     </span>
    </p>
   </div>
   <div class='ocr_carea' id='block_1_5' title="bbox 0 0 1392 4866">
    <p class='ocr_par' dir='ltr' id='par_1_8' title="bbox 0 0 1392 4866">
     <span class='ocr_line' id='line_1_49' title="bbox 0 0 1392 4866; baseline 0 0"><span class='ocrx_word' id='word_1_431' title='bbox 0 0 1392 4866; x_wconf 95' lang='lat' dir='ltr'><strong> </strong></span> 
     </span>
    </p>
   </div>
  </div>
 </body>
</html>
