2694 4866
480 255 732 320 DEDICATIO.
1145 270 1178 328 ix

49 441 213 504 paucomm
226 432 385 484 metrorum
398 421 514 499 linibus,
528 438 688 505 eorumque
701 427 785 487 valde
798 427 970 508 simplicium
989 431 1098 494 includi
1118 454 1180 496 eoe·

51 522 110 602 pit.
149 522 267 595 Postea,
280 542 371 602 quum
384 523 566 601 grammatici
577 543 610 583 se
623 525 661 585 ad
681 525 855 605 explicanda
874 531 1110 612 recensendaqne
1129 553 1180 596 vs.

53 630 151 679 terum
178 622 332 700 po‘e'tarum
359 620 467 700 scripta
493 620 651 695 dedissent,
679 641 772 704 esque
796 623 826 682 in
850 643 883 685 re
903 626 1000 706 aliqua
1022 641 1182 692 metrorum

53 716 180 778 scientia
193 736 267 797 opus
280 728 366 791 esset,
379 717 490 778 factum
503 730 559 791 est,
574 720 654 798 quod
666 720 696 779 in
710 721 840 800 pluribus
854 722 997 784 doctrinae
1016 731 1184 806 grammati·

55 834 101 874 cae
120 815 270 896 partibus:
290 834 329 875 ex
348 817 502 897 preceptis
521 818 727 897 antiquiorum,
747 821 867 900 ipsaque
886 827 1036 902 poetarum
1055 827 1182 888 lectione

57 913 193 975 collectae
219 925 288 974 sunt
314 915 529 976 observatioubs
555 916 699 996 quiedam,
727 938 828 998 eaque
853 921 992 1002 deinceps
1018 922 1183 985 scholarum

56 1031 161 1074 mussa
173 1013 429 1094 magismagisque
440 1015 471 1073 in
485 1015 689 1094 compendium
708 1017 845 1090 redacta,
871 1030 915 1091 ut,
938 1031 1043 1100 prater
1065 1022 1185 1081 nomine

56 1112 189 1192 antiqua,
204 1122 235 1171 et
247 1111 372 1191 aliquam
385 1112 543 1192 primarum
561 1112 704 1174 linearum
727 1116 870 1190 umbram,
894 1118 944 1178 vix
964 1119 1122 1200 quidquam
1145 1120 1183 1179 de

56 1209 148 1271 veteri
162 1208 315 1289 disciplina
326 1209 547 1289 relinqueretur.
589 1211 649 1270 Sed
662 1231 836 1292 quamquam
849 1215 1021 1295 imperfecte
1036 1228 1068 1277 et
1080 1235 1185 1278 manca

57 1312 95 1372 sit
108 1313 175 1372 bsrc
193 1311 449 1391 grammaticorum
468 1311 612 1383 doctrina,
633 1324 731 1373 tamen
753 1315 911 1377 videndum
934 1330 979 1378 est
999 1318 1082 1394 illud,
1105 1319 1185 1399 quod

57 1411 223 1491 supradixi
235 1410 366 1483 secundo
378 1410 445 1470 loco
457 1411 647 1490 quaerendum
671 1433 744 1484 esse,
768 1433 806 1474 an
829 1415 893 1476 hac
915 1417 961 1476 via
981 1437 1035 1478 nos
1056 1439 1104 1492 eo,
1124 1438 1184 1497 quo

57 1512 204 1584 volumus,
217 1509 378 1589 perducere
391 1521 512 1601 queat..
530 1509 672 1569 Volumus
685 1524 793 1585 autern,
816 1526 848 1574 ut
872 1513 985 1593 opinor,
1008 1535 1097 1595 quum
1122 1536 1185 1576 om·

58 1610 277 1681 nino,iraturam
291 1626 478 1668 numerorum
491 1607 667 1686 perspicere,
682 1621 744 1668 tum
758 1629 842 1689 usum
857 1629 1036 1690 cognoscere
1055 1613 1184 1693 singulo.

58 1714 131 1769 rum¹
138 1726 291 1788 generum,
305 1719 335 1766 et
348 1704 416 1765 eirm
429 1705 470 1765 ita
483 1705 610 1783 quidem,
625 1717 659 1765 ut
672 1726 733 1766 uon
746 1708 834 1768 modo
847 1709 918 1788 quid
935 1709 1046 1770 factum
1066 1712 1114 1785 sit,
1133 1713 1187 1773 sed

60 1807 149 1867 etiam
164 1804 235 1885 quid
247 1803 375 1884 potuerit
387 1803 461 1876 fieri,
475 1802 678 1882 intelligamus.
719 1805 807 1875 Nune
823 1806 886 1867 vide
900 1807 979 1880 mibi,
993 1808 1187 1870 eruditissime

60 1903 233 1973 Bliimnere,
254 1899 325 1981 quid
341 1902 444 1959 harum
464 1919 561 1962 rerum
583 1902 771 1981 suppeditent
783 1906 975 1982 grammatici.
1014 1906 1064 1967 De
1084 1919 1188 1967 natura

61 2019 250 2065 numerorum
264 1999 354 2059 nihilo
367 1999 573 2059 noscertiores
586 2000 716 2060 faciunt:
737 2021 804 2061 nam
817 2001 866 2060 vix
880 2003 1029 2083 attingunt
1048 2023 1124 2077 eam,
1145 2016 1186 2075 et,

62 2104 86 2162 si
100 2101 172 2183 quid
184 2100 319 2173 afferunt,
333 2098 465 2160 consistit
484 2098 515 2157 id
535 2099 565 2157 in
585 2099 827 2178 descriptionibus
847 2101 1026 2179 quibusdam,
1049 2121 1115 2180 quae
1134 2120 1188 2161 nos
1221 2102 1227 2113 “
1298 2085 1301 2092 ’

61 2200 190 2280 denique
203 2200 370 2271 adsensum
384 2196 537 2278 quemdam
552 2197 762 2256 convenientiis
775 2198 922 2276 ablegant,
936 2217 1023 2277 quem
1037 2200 1141 2280 ipsum,
1149 2219 1189 2260 ex

63 2320 123 2381 quo
135 2301 219 2361 fonte
230 2309 425 2378 promanaret,
445 2295 587 2376 explicari
606 2295 782 2356 volebamus.
826 2296 879 2356 Sin
899 2307 998 2356 autern
1018 2297 1067 2356 illa
1086 2297 1189 2357 saltem

62 2399 247 2480 requirimus,
261 2397 370 2478 quaein
384 2416 452 2456 usus
466 2395 667 2456 observatione
681 2395 865 2476 positarum,
886 2415 923 2455 ne
942 2396 1000 2456 hec
1020 2397 1137 2476 quidem
1158 2398 1189 2457 in

63 2517 96 2558 re
109 2495 301 2558 ssdsiirciunt.
342 2493 431 2562 Quod
444 2493 468 2554 si
481 2494 617 2574 supplere
630 2513 681 2554 eos
694 2504 782 2572 atque
803 2494 949 2573 corrigere
970 2495 1190 2570 instituerimus,

63 2596 94 2654 in
106 2595 260 2676 periniqua
272 2612 326 2654 nos
339 2577 627 2654 conditionererseri
646 2592 843 2671 intelligimus,
865 2612 954 2672 quum
975 2613 1071 2673 neque
1094 2594 1191 2654 incor-

63 2705 167 2775 ruptos
179 2697 329 2773 poetarum
344 2690 641 2763 codieeshabeamus,
655 2702 686 2750 et
699 2689 729 2748 in
749 2690 878 2750 versibus
898 2690 1110 2770 distinguendis
1128 2690 1191 2750 dux
1313 2704 1316 2708 ’

63 2791 150 2855 nubis
159 2802 211 2853 aut
225 2790 326 2869 regula
339 2789 424 2850 desit.
465 2789 588 2849 Sensum
602 2788 680 2848 euim
700 2799 843 2863 nostrum,
866 2799 898 2848 et
920 2788 1000 2868 quod
1022 2787 1053 2847 in
1073 2808 1191 2869 quoque

64 2890 134 2951 loeo
146 2889 324 2968 aptissimum
339 2888 422 2947 nobis
435 2887 575 2955 videatur,
590 2887 615 2946 si
635 2886 718 2966 sequi
740 2886 883 2960 volumus,
907 2906 993 2947 nemo
1017 2906 1077 2946 non
1100 2887 1190 2959 videt,

66 3005 154 3068 quarn
168 2987 200 3046 id
212 2985 380 3065 ambiguum
394 2998 425 3046 et
438 2985 632 3065 periculosum
646 2985 693 3059 sit,
711 3003 812 3064 quum,
833 2985 858 3044 si
882 2985 944 3045 aliis
964 2984 1045 3044 aliud
1067 2984 1191 3064 placeat,

65 3105 128 3148 non
140 3085 298 3147 habeamus
311 3084 448 3156 rationes,
463 3084 567 3163 quibus
580 3083 619 3142 ad
639 3093 767 3143 nostram
789 3102 839 3143 eos
851 3085 1024 3144 sententiam
1043 3083 1193 3163 pertrahe·

66 3206 143 3248 mus.
182 3186 287 3265 ltsque
299 3196 350 3244 aut
363 3195 472 3244 cuncta
484 3183 515 3241 in
528 3183 573 3242 bis
586 3183 673 3242 rebus
686 3182 798 3241 incerta
811 3193 889 3254 sunt,
904 3181 983 3262 quod
998 3193 1096 3241 tamen
1108 3200 1194 3242 secus

66 3303 131 3346 esse
144 3302 184 3344 ex
196 3302 233 3344 eo
247 3282 429 3362 intelligitur,
442 3281 523 3362 quod
534 3280 565 3339 in
578 3280 675 3340 multis
684 3279 811 3340 numeris
821 3299 931 3353 omnes,
943 3279 1013 3358 quid
1021 3290 1111 3350 reete,
1123 3277 1195 3358 quid

69 3400 222 3463 perperam
235 3380 298 3453 liat,
311 3380 489 3460 intelligunt,
502 3378 554 3439 ¹aut
567 3379 605 3438 ad
618 3389 752 3438 naturam
765 3380 879 3437 numeri
892 3377 1121 3457 confugiendum
1135 3388 1193 3447 est,

71 3496 139 3561 que
145 3498 235 3560 quum
248 3480 286 3540 ab
300 3479 425 3559 antiquis
440 3478 549 3538 nonsit
563 3475 720 3548 declarata,
734 3475 804 3555 quid
813 3476 988 3556 aliudquam
999 3476 1052 3555 ipsi
1063 3495 1128 3535 enm
1138 3493 1192 3533 err·

69 3578 180 3659 plicare
192 3577 406 3656 suscipiemus?
438 3575 580 3637 Seddum
590 3574 648 3635 hoc
657 3574 789 3642 fecimus,
799 3592 888 3654 quum
903 3573 1020 3632 omnino
1034 3569 1191 3630 videndum

69 3687 125 3751 est,
139 3687 173 3738 ut
186 3675 218 3734 id
231 3675 327 3735 sobrie
347 3685 378 3734 et
397 3674 553 3755 diligenter
573 3685 604 3735 et
624 3684 762 3733 accurate
785 3671 846 3741 fiat,
870 3683 933 3730 turn
959 3669 1132 3741 cavendum,
1156 3687 1195 3728 ne

67 3773 211 3856 ejusmodi
224 3772 365 3833 dissensio
377 3772 454 3833 iuter
466 3792 572 3832 novem
595 3781 627 3831 et
649 3782 777 3829 veterem
801 3766 964 3828 doctrinam
989 3767 1107 3835 oriatur,
1130 3785 1196 3846 quie

8 3944 11 3951 ¹
66 3871 205 3953 componi
216 3869 425 3951 explanarique
437 3881 573 3950 nequeat.
615 3868 651 3927 In
665 3887 701 3928 ea
714 3887 745 3926 re
759 3886 818 3927 non
836 3886 954 3946 possum
977 3865 1048 3944 quin
1067 3883 1196 3924 comme·

66 3988 179 4032 morem
192 3969 360 4050 praeclaram
376 3969 548 4030 Bernhardii
560 3966 796 4047 disputationem,
813 3966 863 4045 qui
883 3983 974 4043 quum
993 3982 1050 4043 ego
1070 3963 1197 4043 graviter

68 4068 318 4152 reprehendissem
331 4068 546 4148 grammaticos,
559 4067 590 4126 in
604 4085 728 4127 censura
739 4064 806 4125 libri
820 4062 995 4124 Germanice
1016 4062 1053 4123 de
1066 4061 1197 4121 metriae

68 4187 114 4228 me
128 4167 239 4247 scripti,
254 4187 319 4247 quae
331 4167 429 4227 diariis
444 4167 613 4229 leneusibus
626 4165 734 4226 inserta
747 4177 802 4237 est,
815 4162 920 4222 horum
934 4181 1064 4222 caussam
1078 4162 1197 4240 egregie

68 4263 218 4327 defendit:
239 4265 425 4342 nequeenim
441 4284 592 4326 numerum
606 4263 680 4336 illos,
695 4263 747 4325 sed
767 4261 829 4349 sola
848 4271 941 4321 metra
960 4259 1145 4343 spectavisse,
1166 4258 1196 4315 in

621 4373 641 4430 b
