<?xml version="1.0" encoding="UTF-8"?>
<!DOCTYPE html PUBLIC "-//W3C//DTD XHTML 1.0 Transitional//EN"
    "http://www.w3.org/TR/xhtml1/DTD/xhtml1-transitional.dtd">
<html xmlns="http://www.w3.org/1999/xhtml" xml:lang="en" lang="en">
 <head>
  <title>
</title>
<meta http-equiv="Content-Type" content="text/html;charset=utf-8" />
  <meta name='ocr-system' content='tesseract 3.04.00' />
  <meta name='ocr-capabilities' content='ocr_page ocr_carea ocr_par ocr_line ocrx_word'/>
</head>
<body>
  <div class='ocr_page' id='page_1' title='image "./elementadoctrin00hermgoog_0078.png"; bbox 0 0 2694 4866; ppageno 0'>
   <div class='ocr_carea' id='block_1_1' title="bbox 521 251 1242 320">
    <p class='ocr_par' dir='ltr' id='par_1_1' title="bbox 521 251 1242 320">
     <span class='ocr_line' id='line_1_1' title="bbox 521 251 1242 320; baseline 0.01 -8"><span class='ocrx_word' id='word_1_1' title='bbox 521 252 579 313; x_wconf 90' lang='lat' dir='ltr'><strong>DE</strong></span> <span class='ocrx_word' id='word_1_2' title='bbox 599 251 829 314; x_wconf 85' lang='lat' dir='ltr'><strong>PROSODIA.</strong></span> <span class='ocrx_word' id='word_1_3' title='bbox 1205 263 1242 320; x_wconf 81' lang='lat'><strong>41</strong></span> 
     </span>
    </p>
   </div>
   <div class='ocr_carea' id='block_1_2' title="bbox 104 412 1303 2177">
    <p class='ocr_par' dir='ltr' id='par_1_2' title="bbox 104 412 1239 1433">
     <span class='ocr_line' id='line_1_2' title="bbox 104 412 1236 504; baseline -0.003 -17"><span class='ocrx_word' id='word_1_4' title='bbox 104 436 180 487; x_wconf 87' lang='lat' dir='ltr'><strong>aute</strong></span> <span class='ocrx_word' id='word_1_5' title='bbox 193 412 323 485; x_wconf 87' lang='lat' dir='ltr'><strong>ultimam</strong></span> <span class='ocrx_word' id='word_1_6' title='bbox 346 423 520 484; x_wconf 80' lang='lat' dir='ltr'><strong>babentdrns</strong></span> <span class='ocrx_word' id='word_1_7' title='bbox 535 423 680 484; x_wconf 81' lang='lat' dir='ltr'><strong>constanti</strong></span> <span class='ocrx_word' id='word_1_8' title='bbox 701 423 911 504; x_wconf 89' lang='lat' dir='ltr'>propemodum</span> <span class='ocrx_word' id='word_1_9' title='bbox 926 442 979 482; x_wconf 92' lang='lat' dir='ltr'><strong>usu</strong></span> <span class='ocrx_word' id='word_1_10' title='bbox 993 426 1089 502; x_wconf 82' lang='lat' dir='ltr'><strong>poe’tae</strong></span> <span class='ocrx_word' id='word_1_11' title='bbox 1103 438 1236 503; x_wconf 84' lang='lat' dir='ltr'><strong>quartam</strong></span> 
     </span>
     <span class='ocr_line' id='line_1_3' title="bbox 106 504 1237 586; baseline -0.003 -18"><span class='ocrx_word' id='word_1_12' title='bbox 106 528 126 568; x_wconf 86' lang='lat' dir='ltr'><strong>a</strong></span> <span class='ocrx_word' id='word_1_13' title='bbox 140 509 199 566; x_wconf 83' lang='lat' dir='ltr'><strong>fine</strong></span> <span class='ocrx_word' id='word_1_14' title='bbox 208 517 328 575; x_wconf 89' lang='lat' dir='ltr'><strong>acuunt,</strong></span> <span class='ocrx_word' id='word_1_15' title='bbox 344 508 469 576; x_wconf 73' lang='lat' dir='ltr'><strong>miseria,</strong></span> <span class='ocrx_word' id='word_1_16' title='bbox 477 505 638 584; x_wconf 61' lang='lat' dir='ltr'><strong>familiam,</strong></span> <span class='ocrx_word' id='word_1_17' title='bbox 659 506 797 586; x_wconf 70' lang='lat' dir='ltr'><strong>tetigeris,</strong></span> <span class='ocrx_word' id='word_1_18' title='bbox 818 505 928 564; x_wconf 63' lang='lat' dir='ltr'><strong>rediero</strong></span> <span class='ocrx_word' id='word_1_19' title='bbox 943 504 1082 565; x_wconf 90' lang='lat' dir='ltr'><strong>diceutes.</strong></span> <span class='ocrx_word' id='word_1_20' title='bbox 1124 509 1237 573; x_wconf 80' lang='lat' dir='ltr'><strong>Quum·</strong></span> 
     </span>
     <span class='ocr_line' id='line_1_4' title="bbox 105 586 1234 668; baseline -0.001 -21"><span class='ocrx_word' id='word_1_21' title='bbox 105 609 167 668; x_wconf 90' lang='lat' dir='ltr'><strong>que</strong></span> <span class='ocrx_word' id='word_1_22' title='bbox 182 587 333 660; x_wconf 88' lang='lat' dir='ltr'><strong>vocabula,</strong></span> <span class='ocrx_word' id='word_1_23' title='bbox 347 606 469 666; x_wconf 90' lang='lat' dir='ltr'><strong>quorum</strong></span> <span class='ocrx_word' id='word_1_24' title='bbox 484 586 559 657; x_wconf 86' lang='lat' dir='ltr'><strong>duae,</strong></span> <span class='ocrx_word' id='word_1_25' title='bbox 575 607 639 665; x_wconf 87' lang='lat' dir='ltr'><strong>quae</strong></span> <span class='ocrx_word' id='word_1_26' title='bbox 653 588 784 659; x_wconf 83' lang='lat' dir='ltr'><strong>ultimam</strong></span> <span class='ocrx_word' id='word_1_27' title='bbox 804 586 983 646; x_wconf 91' lang='lat' dir='ltr'><strong>antecedunt</strong></span> <span class='ocrx_word' id='word_1_28' title='bbox 996 587 1124 664; x_wconf 85' lang='lat' dir='ltr'><strong>syllabae,</strong></span> <span class='ocrx_word' id='word_1_29' title='bbox 1139 587 1234 667; x_wconf 78' lang='lat' dir='ltr'><strong>longae</strong></span> 
     </span>
     <span class='ocr_line' id='line_1_5' title="bbox 107 668 1235 747; baseline -0.002 -19"><span class='ocrx_word' id='word_1_30' title='bbox 107 683 187 742; x_wconf 89' lang='lat' dir='ltr'><strong>sunt,</strong></span> <span class='ocrx_word' id='word_1_31' title='bbox 212 681 367 728; x_wconf 89' lang='lat' dir='ltr'><strong>accentum</strong></span> <span class='ocrx_word' id='word_1_32' title='bbox 391 669 421 725; x_wconf 93' lang='lat' dir='ltr'><strong>in</strong></span> <span class='ocrx_word' id='word_1_33' title='bbox 443 668 602 747; x_wconf 89' lang='lat' dir='ltr'><strong>penultima</strong></span> <span class='ocrx_word' id='word_1_34' title='bbox 623 668 732 727; x_wconf 88' lang='lat' dir='ltr'><strong>habere</strong></span> <span class='ocrx_word' id='word_1_35' title='bbox 755 668 917 738; x_wconf 89' lang='lat' dir='ltr'><strong>videantur,</strong></span> <span class='ocrx_word' id='word_1_36' title='bbox 939 679 1046 738; x_wconf 88' lang='lat' dir='ltr'><strong>tamen,</strong></span> <span class='ocrx_word' id='word_1_37' title='bbox 1069 668 1092 727; x_wconf 91' lang='lat' dir='ltr'><strong>si</strong></span> <span class='ocrx_word' id='word_1_38' title='bbox 1118 669 1235 729; x_wconf 87' lang='lat' dir='ltr'>eliditur</span> 
     </span>
     <span class='ocr_line' id='line_1_6' title="bbox 104 748 1163 829; baseline -0.002 -20"><span class='ocrx_word' id='word_1_39' title='bbox 104 749 220 822; x_wconf 81' lang='lat' dir='ltr'><strong>ultima,</strong></span> <span class='ocrx_word' id='word_1_40' title='bbox 235 751 343 810; x_wconf 89' lang='lat' dir='ltr'><strong>retrahi</strong></span> <span class='ocrx_word' id='word_1_41' title='bbox 357 749 418 809; x_wconf 87' lang='lat' dir='ltr'><strong>fere</strong></span> <span class='ocrx_word' id='word_1_42' title='bbox 432 768 450 808; x_wconf 88' lang='lat' dir='ltr'><strong>a</strong></span> <span class='ocrx_word' id='word_1_43' title='bbox 463 749 554 829; x_wconf 71' lang='lat' dir='ltr'><strong>politis</strong></span> <span class='ocrx_word' id='word_1_44' title='bbox 568 762 722 808; x_wconf 87' lang='lat' dir='ltr'><strong>accentum</strong></span> <span class='ocrx_word' id='word_1_45' title='bbox 737 749 868 809; x_wconf 90' lang='lat' dir='ltr'><strong>videmus</strong></span> <span class='ocrx_word' id='word_1_46' title='bbox 882 750 912 805; x_wconf 91' lang='lat' dir='ltr'><strong>in</strong></span> <span class='ocrx_word' id='word_1_47' title='bbox 927 748 1041 807; x_wconf 82' lang='lat' dir='ltr'><strong>tertiam</strong></span> <span class='ocrx_word' id='word_1_48' title='bbox 1056 769 1073 808; x_wconf 88' lang='lat' dir='ltr'><strong>a</strong></span> <span class='ocrx_word' id='word_1_49' title='bbox 1087 750 1163 809; x_wconf 89' lang='lat' dir='ltr'><strong>fine:</strong></span> 
     </span>
     <span class='ocr_line' id='line_1_7' title="bbox 173 847 953 922; baseline -0.004 -17"><span class='ocrx_word' id='word_1_50' title='bbox 173 853 258 922; x_wconf 69' lang='lat' dir='ltr'><strong>poeta</strong></span> <span class='ocrx_word' id='word_1_51' title='bbox 269 851 349 922; x_wconf 84' lang='lat' dir='ltr'><strong>qutim</strong></span> <span class='ocrx_word' id='word_1_52' title='bbox 361 849 473 921; x_wconf 87' lang='lat' dir='ltr'><strong>primurn</strong></span> <span class='ocrx_word' id='word_1_53' title='bbox 485 849 601 903; x_wconf 90' lang='lat' dir='ltr'><strong>animum</strong></span> <span class='ocrx_word' id='word_1_54' title='bbox 614 849 648 904; x_wconf 89' lang='lat' dir='ltr'><strong>ad</strong></span> <span class='ocrx_word' id='word_1_55' title='bbox 665 849 831 914; x_wconf 85' lang='lat' dir='ltr'><strong>scribendum</strong></span> <span class='ocrx_word' id='word_1_56' title='bbox 843 847 953 920; x_wconf 83' lang='lat' dir='ltr'><strong>appulit.</strong></span> 
     </span>
     <span class='ocr_line' id='line_1_8' title="bbox 113 934 1239 1015; baseline -0.001 -21"><span class='ocrx_word' id='word_1_57' title='bbox 113 938 183 1002; x_wconf 80' lang='lat' dir='ltr'><strong>Quo</strong></span> <span class='ocrx_word' id='word_1_58' title='bbox 204 936 235 994; x_wconf 92' lang='lat' dir='ltr'><strong>in</strong></span> <span class='ocrx_word' id='word_1_59' title='bbox 256 955 343 995; x_wconf 88' lang='lat' dir='ltr'><strong>versu</strong></span> <span class='ocrx_word' id='word_1_60' title='bbox 364 947 394 995; x_wconf 89' lang='lat' dir='ltr'><strong>et</strong></span> <span class='ocrx_word' id='word_1_61' title='bbox 414 935 598 1008; x_wconf 80' lang='lat' dir='ltr'><strong>scribendum,</strong></span> <span class='ocrx_word' id='word_1_62' title='bbox 630 948 670 1006; x_wconf 85' lang='lat' dir='ltr'><strong>et,</strong></span> <span class='ocrx_word' id='word_1_63' title='bbox 691 956 756 1015; x_wconf 87' lang='lat' dir='ltr'><strong>quae</strong></span> <span class='ocrx_word' id='word_1_64' title='bbox 776 936 835 994; x_wconf 92' lang='lat' dir='ltr'><strong>duo</strong></span> <span class='ocrx_word' id='word_1_65' title='bbox 854 934 995 994; x_wconf 86' lang='lat' dir='ltr'><strong>vocabula</strong></span> <span class='ocrx_word' id='word_1_66' title='bbox 1014 953 1067 1009; x_wconf 93' lang='lat' dir='ltr'><strong>pro</strong></span> <span class='ocrx_word' id='word_1_67' title='bbox 1088 954 1147 993; x_wconf 92' lang='lat' dir='ltr'><strong>uno</strong></span> <span class='ocrx_word' id='word_1_68' title='bbox 1171 946 1239 993; x_wconf 89' lang='lat' dir='ltr'><strong>sunt</strong></span> 
     </span>
     <span class='ocr_line' id='line_1_9' title="bbox 107 1014 1235 1097; baseline -0.001 -23"><span class='ocrx_word' id='word_1_69' title='bbox 107 1038 193 1097; x_wconf 84' lang='lat' dir='ltr'><strong>quum</strong></span> <span class='ocrx_word' id='word_1_70' title='bbox 213 1017 348 1097; x_wconf 84' lang='lat' dir='ltr'><strong>primum,</strong></span> <span class='ocrx_word' id='word_1_71' title='bbox 362 1016 386 1075; x_wconf 90' lang='lat' dir='ltr'><strong>si</strong></span> <span class='ocrx_word' id='word_1_72' title='bbox 407 1016 508 1075; x_wconf 78' lang='lat' dir='ltr'><strong>ulti&#39;ma</strong></span> <span class='ocrx_word' id='word_1_73' title='bbox 522 1036 579 1075; x_wconf 91' lang='lat' dir='ltr'><strong>non</strong></span> <span class='ocrx_word' id='word_1_74' title='bbox 601 1017 768 1087; x_wconf 85' lang='lat' dir='ltr'><strong>elideretur,</strong></span> <span class='ocrx_word' id='word_1_75' title='bbox 783 1029 937 1075; x_wconf 89' lang='lat' dir='ltr'><strong>accentum</strong></span> <span class='ocrx_word' id='word_1_76' title='bbox 952 1014 1093 1075; x_wconf 88' lang='lat' dir='ltr'><strong>deberent</strong></span> <span class='ocrx_word' id='word_1_77' title='bbox 1113 1017 1142 1073; x_wconf 91' lang='lat' dir='ltr'><strong>iu</strong></span> <span class='ocrx_word' id='word_1_78' title='bbox 1163 1036 1235 1094; x_wconf 92' lang='lat' dir='ltr'><strong>pen-</strong></span> 
     </span>
     <span class='ocr_line' id='line_1_10' title="bbox 107 1095 1235 1170; baseline -0.001 -15"><span class='ocrx_word' id='word_1_79' title='bbox 107 1099 210 1157; x_wconf 90' lang='lat' dir='ltr'><strong>ultima</strong></span> <span class='ocrx_word' id='word_1_80' title='bbox 229 1099 349 1170; x_wconf 86' lang='lat' dir='ltr'><strong>habere,</strong></span> <span class='ocrx_word' id='word_1_81' title='bbox 370 1098 424 1156; x_wconf 92' lang='lat' dir='ltr'><strong>nisi</strong></span> <span class='ocrx_word' id='word_1_82' title='bbox 438 1117 455 1158; x_wconf 88' lang='lat' dir='ltr'><strong>a</strong></span> <span class='ocrx_word' id='word_1_83' title='bbox 468 1117 567 1157; x_wconf 87' lang='lat' dir='ltr'><strong>versus</strong></span> <span class='ocrx_word' id='word_1_84' title='bbox 581 1095 663 1170; x_wconf 78' lang='lat' dir='ltr'><strong>loco,</strong></span> <span class='ocrx_word' id='word_1_85' title='bbox 672 1112 705 1157; x_wconf 93' lang='lat' dir='ltr'><strong>ut</strong></span> <span class='ocrx_word' id='word_1_86' title='bbox 718 1098 748 1156; x_wconf 92' lang='lat' dir='ltr'><strong>in</strong></span> <span class='ocrx_word' id='word_1_87' title='bbox 769 1100 858 1158; x_wconf 89' lang='lat' dir='ltr'><strong>verbo</strong></span> <span class='ocrx_word' id='word_1_88' title='bbox 879 1096 1065 1167; x_wconf 55' lang='lat' dir='ltr'><strong>scabendum,</strong></span> <span class='ocrx_word' id='word_1_89' title='bbox 1084 1097 1235 1167; x_wconf 65' lang='lat' dir='ltr'><strong>eacusatio</strong></span> 
     </span>
     <span class='ocr_line' id='line_1_11' title="bbox 107 1176 1234 1258; baseline -0.001 -21"><span class='ocrx_word' id='word_1_90' title='bbox 107 1180 272 1250; x_wconf 83' lang='lat' dir='ltr'><strong>accederet,</strong></span> <span class='ocrx_word' id='word_1_91' title='bbox 287 1180 324 1238; x_wconf 89' lang='lat' dir='ltr'><strong>de</strong></span> <span class='ocrx_word' id='word_1_92' title='bbox 345 1198 403 1258; x_wconf 90' lang='lat' dir='ltr'><strong>qua</strong></span> <span class='ocrx_word' id='word_1_93' title='bbox 415 1198 443 1239; x_wconf 90' lang='lat' dir='ltr'><strong>v.</strong></span> <span class='ocrx_word' id='word_1_94' title='bbox 465 1180 562 1240; x_wconf 89' lang='lat' dir='ltr'><strong>Bentl.</strong></span> <span class='ocrx_word' id='word_1_95' title='bbox 575 1181 606 1237; x_wconf 94' lang='lat' dir='ltr'><strong>in</strong></span> <span class='ocrx_word' id='word_1_96' title='bbox 628 1179 847 1241; x_wconf 84' lang='lat' dir='ltr'><strong>Schediasmate</strong></span> <span class='ocrx_word' id='word_1_97' title='bbox 861 1179 898 1237; x_wconf 89' lang='lat' dir='ltr'><strong>de</strong></span> <span class='ocrx_word' id='word_1_98' title='bbox 918 1176 1018 1255; x_wconf 85' lang='lat' dir='ltr'><strong>metris</strong></span> <span class='ocrx_word' id='word_1_99' title='bbox 1040 1177 1234 1250; x_wconf 83' lang='lat' dir='ltr'><strong>Terentianis,</strong></span> 
     </span>
     <span class='ocr_line' id='line_1_12' title="bbox 108 1271 151 1332; baseline 0.047 -14"><span class='ocrx_word' id='word_1_100' title='bbox 108 1271 151 1332; x_wconf 87' lang='lat' dir='ltr'><strong>ut,</strong></span> 
     </span>
     <span class='ocr_line' id='line_1_13' title="bbox 178 1359 832 1433; baseline 0.008 -19"><span class='ocrx_word' id='word_1_101' title='bbox 178 1361 261 1430; x_wconf 72' lang='lat' dir='ltr'><strong>polita</strong></span> <span class='ocrx_word' id='word_1_102' title='bbox 272 1360 352 1430; x_wconf 82' lang='lat' dir='ltr'><strong>qniuu</strong></span> <span class='ocrx_word' id='word_1_103' title='bbox 364 1359 479 1433; x_wconf 83' lang='lat' dir='ltr'><strong>primum</strong></span> <span class='ocrx_word' id='word_1_104' title='bbox 489 1378 517 1415; x_wconf 88' lang='lat' dir='ltr'><strong>se</strong></span> <span class='ocrx_word' id='word_1_105' title='bbox 527 1361 562 1415; x_wconf 89' lang='lat' dir='ltr'><strong>ad</strong></span> <span class='ocrx_word' id='word_1_106' title='bbox 573 1362 738 1417; x_wconf 86' lang='lat' dir='ltr'><strong>scribendum</strong></span> <span class='ocrx_word' id='word_1_107' title='bbox 751 1363 832 1419; x_wconf 86' lang='lat' dir='ltr'><strong>dedit.</strong></span> 
     </span>
    </p>

    <p class='ocr_par' dir='ltr' id='par_1_3' title="bbox 106 1442 1303 1608">
     <span class='ocr_line' id='line_1_14' title="bbox 106 1442 1228 1528; baseline 0.006 -29"><span class='ocrx_word' id='word_1_108' title='bbox 106 1442 156 1500; x_wconf 91' lang='lat' dir='ltr'><strong>ubi</strong></span> <span class='ocrx_word' id='word_1_109' title='bbox 169 1445 353 1516; x_wconf 54' lang='lat' dir='ltr'><strong>scabendum,</strong></span> <span class='ocrx_word' id='word_1_110' title='bbox 376 1456 467 1517; x_wconf 92' lang='lat' dir='ltr'><strong>recte,</strong></span> <span class='ocrx_word' id='word_1_111' title='bbox 482 1467 540 1506; x_wconf 90' lang='lat' dir='ltr'><strong>non</strong></span> <span class='ocrx_word' id='word_1_112' title='bbox 556 1447 625 1506; x_wconf 89' lang='lat' dir='ltr'><strong>item</strong></span> <span class='ocrx_word' id='word_1_113' title='bbox 647 1469 730 1528; x_wconf 86' lang='lat' dir='ltr'><strong>quum</strong></span> <span class='ocrx_word' id='word_1_114' title='bbox 747 1451 870 1528; x_wconf 77' lang='lat' dir='ltr'><strong>priorum</strong></span> <span class='ocrx_word' id='word_1_115' title='bbox 884 1450 946 1510; x_wconf 88' lang='lat' dir='ltr'><strong>sine</strong></span> <span class='ocrx_word' id='word_1_116' title='bbox 960 1450 1078 1510; x_wconf 87' lang='lat' dir='ltr'><strong>elisione</strong></span> <span class='ocrx_word' id='word_1_117' title='bbox 1103 1448 1228 1526; x_wconf 89' lang='lat' dir='ltr'><strong>positum</strong></span> 
     </span>
     <span class='ocr_line' id='line_1_15' title="bbox 106 1526 1303 1608; baseline 0.006 -24"><span class='ocrx_word' id='word_1_118' title='bbox 106 1537 193 1586; x_wconf 85' lang='lat' dir='ltr'><strong>esset.</strong></span> <span class='ocrx_word' id='word_1_119' title='bbox 235 1526 285 1585; x_wconf 91' lang='lat' dir='ltr'><strong>Sic</strong></span> <span class='ocrx_word' id='word_1_120' title='bbox 298 1547 375 1606; x_wconf 85' lang='lat' dir='ltr'><strong>soepe</strong></span> <span class='ocrx_word' id='word_1_121' title='bbox 388 1528 504 1587; x_wconf 69' lang='lat' dir='ltr'><strong>cencede</strong></span> <span class='ocrx_word' id='word_1_122' title='bbox 517 1529 579 1597; x_wconf 77' lang='lat' dir='ltr'><strong>huc,</strong></span> <span class='ocrx_word' id='word_1_123' title='bbox 594 1529 688 1589; x_wconf 80' lang='lat' dir='ltr'><strong>ee&#39;cede</strong></span> <span class='ocrx_word' id='word_1_124' title='bbox 701 1530 764 1602; x_wconf 79' lang='lat' dir='ltr'><strong>huc,</strong></span> <span class='ocrx_word' id='word_1_125' title='bbox 779 1543 866 1608; x_wconf 89' lang='lat' dir='ltr'><strong>atque</strong></span> <span class='ocrx_word' id='word_1_126' title='bbox 879 1531 935 1592; x_wconf 87' lang='lat' dir='ltr'><strong>alia</strong></span> <span class='ocrx_word' id='word_1_127' title='bbox 948 1531 1176 1590; x_wconf 83' lang='lat' dir='ltr'><strong>innumerabilia.</strong></span> <span class='ocrx_word' id='word_1_128' title='bbox 1299 1527 1303 1535; x_wconf 46' lang='lat'>¹</span> 
     </span>
    </p>

    <p class='ocr_par' dir='ltr' id='par_1_4' title="bbox 111 1608 1258 2177">
     <span class='ocr_line' id='line_1_16' title="bbox 146 1608 1229 1692; baseline 0.003 -27"><span class='ocrx_word' id='word_1_129' title='bbox 146 1610 196 1673; x_wconf 74' lang='lat'><strong>27.</strong></span> <span class='ocrx_word' id='word_1_130' title='bbox 218 1608 335 1667; x_wconf 89' lang='lat' dir='ltr'><strong>Deinde</strong></span> <span class='ocrx_word' id='word_1_131' title='bbox 356 1608 660 1670; x_wconf 62' lang='lat' dir='ltr'><strong>considerandae‘snnt</strong></span> <span class='ocrx_word' id='word_1_132' title='bbox 680 1613 888 1690; x_wconf 88' lang='lat' dir='ltr'><strong>correptiones,</strong></span> <span class='ocrx_word' id='word_1_133' title='bbox 909 1634 980 1692; x_wconf 88' lang='lat' dir='ltr'><strong>quas</strong></span> <span class='ocrx_word' id='word_1_134' title='bbox 998 1613 1133 1691; x_wconf 83' lang='lat' dir='ltr'><strong>neglecta</strong></span> <span class='ocrx_word' id='word_1_135' title='bbox 1152 1611 1229 1689; x_wconf 88' lang='lat' dir='ltr'><strong>posi-</strong></span> 
     </span>
     <span class='ocr_line' id='line_1_17' title="bbox 111 1687 1230 1772; baseline 0.004 -27"><span class='ocrx_word' id='word_1_136' title='bbox 111 1687 188 1748; x_wconf 83' lang='lat' dir='ltr'><strong>tione</strong></span> <span class='ocrx_word' id='word_1_137' title='bbox 208 1691 429 1749; x_wconf 87' lang='lat' dir='ltr'><strong>cousonantium</strong></span> <span class='ocrx_word' id='word_1_138' title='bbox 449 1691 694 1770; x_wconf 85' lang='lat' dir='ltr'><strong>frequentissimae</strong></span> <span class='ocrx_word' id='word_1_139' title='bbox 714 1693 823 1752; x_wconf 89' lang='lat' dir='ltr'><strong>habent</strong></span> <span class='ocrx_word' id='word_1_140' title='bbox 844 1697 940 1772; x_wconf 80' lang='lat' dir='ltr'><strong>poe&#39;tae</strong></span> <span class='ocrx_word' id='word_1_141' title='bbox 959 1693 1078 1764; x_wconf 82' lang='lat' dir='ltr'><strong>scenici,</strong></span> <span class='ocrx_word' id='word_1_142' title='bbox 1103 1713 1146 1763; x_wconf 78' lang='lat' dir='ltr'><strong>ee,</strong></span> <span class='ocrx_word' id='word_1_143' title='bbox 1170 1691 1230 1766; x_wconf 83' lang='lat' dir='ltr'><strong>ille,</strong></span> 
     </span>
     <span class='ocr_line' id='line_1_18' title="bbox 111 1769 1229 1854; baseline 0.004 -27"><span class='ocrx_word' id='word_1_144' title='bbox 111 1777 202 1849; x_wconf 84' lang='lat' dir='ltr'><strong>utque,</strong></span> <span class='ocrx_word' id='word_1_145' title='bbox 227 1769 369 1852; x_wconf 81' lang='lat' dir='ltr'><strong>Philippi,</strong></span> <span class='ocrx_word' id='word_1_146' title='bbox 382 1773 555 1852; x_wconf 78' lang='lat' dir='ltr'><strong>juventutis,</strong></span> <span class='ocrx_word' id='word_1_147' title='bbox 582 1784 612 1832; x_wconf 89' lang='lat' dir='ltr'><strong>et</strong></span> <span class='ocrx_word' id='word_1_148' title='bbox 636 1773 692 1832; x_wconf 89' lang='lat' dir='ltr'><strong>alia</strong></span> <span class='ocrx_word' id='word_1_149' title='bbox 715 1774 847 1852; x_wconf 89' lang='lat' dir='ltr'><strong>plurima,</strong></span> <span class='ocrx_word' id='word_1_150' title='bbox 873 1776 1003 1854; x_wconf 87' lang='lat' dir='ltr'><strong>quaedam</strong></span> <span class='ocrx_word' id='word_1_151' title='bbox 1026 1792 1149 1851; x_wconf 87' lang='lat' dir='ltr'><strong>semper,</strong></span> <span class='ocrx_word' id='word_1_152' title='bbox 1172 1773 1229 1831; x_wconf 89' lang='lat' dir='ltr'><strong>alia</strong></span> 
     </span>
     <span class='ocr_line' id='line_1_19' title="bbox 111 1852 1228 1935; baseline 0.005 -28"><span class='ocrx_word' id='word_1_153' title='bbox 111 1868 193 1928; x_wconf 81' lang='lat' dir='ltr'><strong>sepe,</strong></span> <span class='ocrx_word' id='word_1_154' title='bbox 206 1852 264 1911; x_wconf 82' lang='lat' dir='ltr'><strong>alia</strong></span> <span class='ocrx_word' id='word_1_155' title='bbox 276 1853 422 1920; x_wconf 87' lang='lat' dir='ltr'><strong>interdum</strong></span> <span class='ocrx_word' id='word_1_156' title='bbox 442 1854 484 1912; x_wconf 90' lang='lat' dir='ltr'><strong>sic</strong></span> <span class='ocrx_word' id='word_1_157' title='bbox 498 1867 688 1933; x_wconf 85' lang='lat' dir='ltr'><strong>usurpantes:</strong></span> <span class='ocrx_word' id='word_1_158' title='bbox 710 1855 738 1912; x_wconf 94' lang='lat' dir='ltr'><strong>in</strong></span> <span class='ocrx_word' id='word_1_159' title='bbox 753 1856 857 1933; x_wconf 91' lang='lat' dir='ltr'><strong>quibus</strong></span> <span class='ocrx_word' id='word_1_160' title='bbox 878 1858 927 1935; x_wconf 92' lang='lat' dir='ltr'><strong>qui</strong></span> <span class='ocrx_word' id='word_1_161' title='bbox 948 1856 1026 1934; x_wconf 90' lang='lat' dir='ltr'><strong>vulgi</strong></span> <span class='ocrx_word' id='word_1_162' title='bbox 1041 1875 1109 1914; x_wconf 85' lang='lat' dir='ltr'><strong>usus</strong></span> <span class='ocrx_word' id='word_1_163' title='bbox 1129 1853 1228 1925; x_wconf 88' lang='lat' dir='ltr'><strong>fuerit,</strong></span> 
     </span>
     <span class='ocr_line' id='line_1_20' title="bbox 111 1933 1258 2016; baseline 0.003 -28"><span class='ocrx_word' id='word_1_164' title='bbox 111 1949 324 2012; x_wconf 88' lang='lat' dir='ltr'><strong>nonnumquam</strong></span> <span class='ocrx_word' id='word_1_165' title='bbox 345 1945 426 1993; x_wconf 89' lang='lat' dir='ltr'><strong>tanto</strong></span> <span class='ocrx_word' id='word_1_166' title='bbox 447 1933 672 2012; x_wconf 88' lang='lat' dir='ltr'><strong>difficiliuserui</strong></span> <span class='ocrx_word' id='word_1_167' title='bbox 691 1946 798 2014; x_wconf 89' lang='lat' dir='ltr'><strong>potest,</strong></span> <span class='ocrx_word' id='word_1_168' title='bbox 819 1938 896 2015; x_wconf 91' lang='lat' dir='ltr'><strong>quod</strong></span> <span class='ocrx_word' id='word_1_169' title='bbox 911 1957 1006 2016; x_wconf 89' lang='lat' dir='ltr'><strong>neque</strong></span> <span class='ocrx_word' id='word_1_170' title='bbox 1021 1948 1155 1996; x_wconf 89' lang='lat' dir='ltr'><strong>coustant</strong></span> <span class='ocrx_word' id='word_1_171' title='bbox 1175 1936 1230 1993; x_wconf 89' lang='lat' dir='ltr'><strong>sibi</strong></span> <span class='ocrx_word' id='word_1_172' title='bbox 1255 2009 1258 2015; x_wconf 21' lang='grc' dir='ltr'>ι</span> 
     </span>
     <span class='ocr_line' id='line_1_21' title="bbox 112 2015 1228 2095; baseline 0.003 -24"><span class='ocrx_word' id='word_1_173' title='bbox 112 2015 202 2088; x_wconf 79' lang='lat' dir='ltr'><strong>poe&#39;tae</strong></span> <span class='ocrx_word' id='word_1_174' title='bbox 223 2015 253 2072; x_wconf 93' lang='lat' dir='ltr'><strong>in</strong></span> <span class='ocrx_word' id='word_1_175' title='bbox 277 2015 410 2075; x_wconf 88' lang='lat' dir='ltr'><strong>omnibus</strong></span> <span class='ocrx_word' id='word_1_176' title='bbox 432 2017 671 2095; x_wconf 88' lang='lat' dir='ltr'><strong>correptionibus,</strong></span> <span class='ocrx_word' id='word_1_177' title='bbox 696 2029 724 2076; x_wconf 90' lang='lat' dir='ltr'><strong>et</strong></span> <span class='ocrx_word' id='word_1_178' title='bbox 748 2018 898 2095; x_wconf 88' lang='lat' dir='ltr'><strong>permultis</strong></span> <span class='ocrx_word' id='word_1_179' title='bbox 919 2020 948 2076; x_wconf 93' lang='lat' dir='ltr'><strong>in</strong></span> <span class='ocrx_word' id='word_1_180' title='bbox 973 2019 1043 2076; x_wconf 86' lang='lat' dir='ltr'><strong>locis</strong></span> <span class='ocrx_word' id='word_1_181' title='bbox 1068 2017 1154 2074; x_wconf 86' lang='lat' dir='ltr'><strong>dubia</strong></span> <span class='ocrx_word' id='word_1_182' title='bbox 1184 2027 1228 2074; x_wconf 92' lang='lat' dir='ltr'><strong>est</strong></span> 
     </span>
     <span class='ocr_line' id='line_1_22' title="bbox 112 2091 1226 2177; baseline 0.004 -28"><span class='ocrx_word' id='word_1_183' title='bbox 112 2091 204 2154; x_wconf 88' lang='lat' dir='ltr'><strong>lectio.</strong></span> <span class='ocrx_word' id='word_1_184' title='bbox 255 2095 406 2154; x_wconf 90' lang='lat' dir='ltr'><strong>Interdum</strong></span> <span class='ocrx_word' id='word_1_185' title='bbox 430 2098 518 2156; x_wconf 87' lang='lat' dir='ltr'><strong>etiam</strong></span> <span class='ocrx_word' id='word_1_186' title='bbox 540 2097 639 2157; x_wconf 87' lang='lat' dir='ltr'><strong>finales</strong></span> <span class='ocrx_word' id='word_1_187' title='bbox 661 2098 778 2175; x_wconf 91' lang='lat' dir='ltr'><strong>syllabae</strong></span> <span class='ocrx_word' id='word_1_188' title='bbox 802 2099 937 2175; x_wconf 83' lang='lat' dir='ltr'><strong>neglecta</strong></span> <span class='ocrx_word' id='word_1_189' title='bbox 960 2100 1113 2177; x_wconf 87' lang='lat' dir='ltr'><strong>positione,</strong></span> <span class='ocrx_word' id='word_1_190' title='bbox 1140 2116 1226 2174; x_wconf 87' lang='lat' dir='ltr'><strong>quarn</strong></span> 
     </span>
    </p>
   </div>
   <div class='ocr_carea' id='block_1_3' title="bbox 75 2175 1293 4311">
    <p class='ocr_par' dir='ltr' id='par_1_5' title="bbox 75 2175 1228 2259">
     <span class='ocr_line' id='line_1_23' title="bbox 75 2175 1228 2259; baseline 0.004 -29"><span class='ocrx_word' id='word_1_191' title='bbox 75 2234 77 2253; x_wconf 49' lang='grc' dir='ltr'>Ι</span> <span class='ocrx_word' id='word_1_192' title='bbox 114 2175 198 2251; x_wconf 91' lang='lat' dir='ltr'><strong>prima</strong></span> <span class='ocrx_word' id='word_1_193' title='bbox 212 2177 359 2255; x_wconf 88' lang='lat' dir='ltr'><strong>sequentis</strong></span> <span class='ocrx_word' id='word_1_194' title='bbox 372 2179 506 2237; x_wconf 90' lang='lat' dir='ltr'><strong>vocabuli</strong></span> <span class='ocrx_word' id='word_1_195' title='bbox 513 2178 611 2239; x_wconf 89' lang='lat' dir='ltr'><strong>littera</strong></span> <span class='ocrx_word' id='word_1_196' title='bbox 619 2178 700 2252; x_wconf 86' lang='lat' dir='ltr'><strong>facit,</strong></span> <span class='ocrx_word' id='word_1_197' title='bbox 710 2178 914 2259; x_wconf 88' lang='lat' dir='ltr'><strong>corripiuntur,</strong></span> <span class='ocrx_word' id='word_1_198' title='bbox 930 2190 962 2238; x_wconf 92' lang='lat' dir='ltr'><strong>ut</strong></span> <span class='ocrx_word' id='word_1_199' title='bbox 970 2179 1047 2258; x_wconf 91' lang='lat' dir='ltr'><strong>apud</strong></span> <span class='ocrx_word' id='word_1_200' title='bbox 1058 2178 1228 2237; x_wconf 88' lang='lat' dir='ltr'><strong>Terentium</strong></span> 
     </span>
    </p>

    <p class='ocr_par' dir='ltr' id='par_1_6' title="bbox 75 2254 413 2332">
     <span class='ocr_line' id='line_1_24' title="bbox 75 2254 413 2332; baseline 0.015 -20"><span class='ocrx_word' id='word_1_201' title='bbox 75 2260 78 2301; x_wconf 88' lang='lat'>:</span> <span class='ocrx_word' id='word_1_202' title='bbox 114 2254 266 2315; x_wconf 87' lang='lat' dir='ltr'><strong>inAndria</strong></span> <span class='ocrx_word' id='word_1_203' title='bbox 279 2258 305 2318; x_wconf 93' lang='lat'><strong>1.</strong></span> <span class='ocrx_word' id='word_1_204' title='bbox 318 2264 349 2332; x_wconf 85' lang='lat'><strong>5,</strong></span> <span class='ocrx_word' id='word_1_205' title='bbox 365 2263 413 2320; x_wconf 75' lang='lat'><strong>26.</strong></span> 
     </span>
    </p>

    <p class='ocr_par' dir='ltr' id='par_1_7' title="bbox 75 2350 880 2433">
     <span class='ocr_line' id='line_1_25' title="bbox 75 2350 880 2433; baseline 0.007 -22"><span class='ocrx_word' id='word_1_206' title='bbox 75 2350 79 2425; x_wconf 74' lang='grc' dir='ltr'>ξ</span> <span class='ocrx_word' id='word_1_207' title='bbox 176 2376 260 2424; x_wconf 87' lang='lat' dir='ltr'><strong>amor,</strong></span> <span class='ocrx_word' id='word_1_208' title='bbox 271 2360 450 2414; x_wconf 87' lang='lat' dir='ltr'><strong>misericordia</strong></span> <span class='ocrx_word' id='word_1_209' title='bbox 460 2360 548 2433; x_wconf 77' lang='lat' dir='ltr'><strong>hujus,</strong></span> <span class='ocrx_word' id='word_1_210' title='bbox 559 2361 710 2433; x_wconf 71' lang='lat' dir='ltr'><strong>nuptiarum</strong></span> <span class='ocrx_word' id='word_1_211' title='bbox 719 2361 880 2417; x_wconf 65' lang='lat' dir='ltr'><strong>sollicitatio.</strong></span> 
     </span>
    </p>

    <p class='ocr_par' dir='ltr' id='par_1_8' title="bbox 75 2438 1228 2526">
     <span class='ocr_line' id='line_1_26' title="bbox 75 2438 1228 2526; baseline -0.003 -19"><span class='ocrx_word' id='word_1_212' title='bbox 75 2438 81 2507; x_wconf 79' lang='lat' dir='ltr'><strong>l</strong></span> <span class='ocrx_word' id='word_1_213' title='bbox 150 2448 196 2503; x_wconf 71' lang='lat'><strong>28.</strong></span> <span class='ocrx_word' id='word_1_214' title='bbox 220 2444 313 2505; x_wconf 88' lang='lat' dir='ltr'><strong>Porro</strong></span> <span class='ocrx_word' id='word_1_215' title='bbox 326 2446 482 2506; x_wconf 87' lang='lat' dir='ltr'><strong>videndum</strong></span> <span class='ocrx_word' id='word_1_216' title='bbox 497 2459 541 2507; x_wconf 91' lang='lat' dir='ltr'><strong>est</strong></span> <span class='ocrx_word' id='word_1_217' title='bbox 554 2450 591 2508; x_wconf 90' lang='lat' dir='ltr'><strong>de</strong></span> <span class='ocrx_word' id='word_1_218' title='bbox 601 2450 737 2526; x_wconf 87' lang='lat' dir='ltr'><strong>neglecta</strong></span> <span class='ocrx_word' id='word_1_219' title='bbox 750 2447 880 2519; x_wconf 89' lang='lat' dir='ltr'><strong>elisione,</strong></span> <span class='ocrx_word' id='word_1_220' title='bbox 895 2468 958 2526; x_wconf 83' lang='lat' dir='ltr'><strong>quae</strong></span> <span class='ocrx_word' id='word_1_221' title='bbox 970 2447 1054 2507; x_wconf 91' lang='lat' dir='ltr'><strong>resin</strong></span> <span class='ocrx_word' id='word_1_222' title='bbox 1063 2447 1228 2506; x_wconf 78' lang='lat' dir='ltr'><strong>uniuersum</strong></span> 
     </span>
    </p>

    <p class='ocr_par' dir='ltr' id='par_1_9' title="bbox 75 2518 1228 2615">
     <span class='ocr_line' id='line_1_27' title="bbox 75 2518 1228 2615; baseline 0.003 -33"><span class='ocrx_word' id='word_1_223' title='bbox 75 2518 81 2615; x_wconf 59' lang='grc' dir='ltr'>ᾖ</span> <span class='ocrx_word' id='word_1_224' title='bbox 115 2522 184 2583; x_wconf 86' lang='lat' dir='ltr'><strong>hauc</strong></span> <span class='ocrx_word' id='word_1_225' title='bbox 196 2525 286 2584; x_wconf 92' lang='lat' dir='ltr'><strong>habet</strong></span> <span class='ocrx_word' id='word_1_226' title='bbox 300 2526 440 2605; x_wconf 89' lang='lat' dir='ltr'><strong>regulam,</strong></span> <span class='ocrx_word' id='word_1_227' title='bbox 457 2540 487 2588; x_wconf 90' lang='lat' dir='ltr'><strong>ut</strong></span> <span class='ocrx_word' id='word_1_228' title='bbox 501 2549 587 2588; x_wconf 91' lang='lat' dir='ltr'><strong>voces</strong></span> <span class='ocrx_word' id='word_1_229' title='bbox 601 2530 817 2608; x_wconf 81' lang='lat' dir='ltr'><strong>monosyllabae,</strong></span> <span class='ocrx_word' id='word_1_230' title='bbox 833 2531 856 2588; x_wconf 92' lang='lat' dir='ltr'><strong>si</strong></span> <span class='ocrx_word' id='word_1_231' title='bbox 870 2529 1021 2588; x_wconf 71' lang='lat' dir='ltr'><strong>sententiae</strong></span> <span class='ocrx_word' id='word_1_232' title='bbox 1035 2529 1184 2607; x_wconf 85' lang='lat' dir='ltr'><strong>aliquavis</strong></span> <span class='ocrx_word' id='word_1_233' title='bbox 1198 2529 1228 2585; x_wconf 95' lang='lat' dir='ltr'><strong>in</strong></span> 
     </span>
    </p>

    <p class='ocr_par' dir='ltr' id='par_1_10' title="bbox 75 2602 1230 2687">
     <span class='ocr_line' id='line_1_28' title="bbox 75 2602 1230 2687; baseline 0.003 -25"><span class='ocrx_word' id='word_1_234' title='bbox 75 2622 82 2673; x_wconf 68' lang='lat' dir='ltr'><strong>t</strong></span> <span class='ocrx_word' id='word_1_235' title='bbox 116 2602 146 2663; x_wconf 87' lang='lat' dir='ltr'><strong>iis</strong></span> <span class='ocrx_word' id='word_1_236' title='bbox 156 2617 210 2678; x_wconf 90' lang='lat' dir='ltr'><strong>est,</strong></span> <span class='ocrx_word' id='word_1_237' title='bbox 224 2607 253 2663; x_wconf 91' lang='lat' dir='ltr'><strong>in</strong></span> <span class='ocrx_word' id='word_1_238' title='bbox 268 2607 330 2666; x_wconf 90' lang='lat' dir='ltr'><strong>ictu</strong></span> <span class='ocrx_word' id='word_1_239' title='bbox 344 2609 474 2680; x_wconf 91' lang='lat' dir='ltr'><strong>metrico,</strong></span> <span class='ocrx_word' id='word_1_240' title='bbox 496 2629 555 2668; x_wconf 91' lang='lat' dir='ltr'><strong>nou</strong></span> <span class='ocrx_word' id='word_1_241' title='bbox 568 2612 655 2670; x_wconf 90' lang='lat' dir='ltr'><strong>etiarn</strong></span> <span class='ocrx_word' id='word_1_242' title='bbox 668 2623 753 2670; x_wconf 86' lang='lat' dir='ltr'><strong>extra</strong></span> <span class='ocrx_word' id='word_1_243' title='bbox 772 2611 874 2684; x_wconf 90' lang='lat' dir='ltr'><strong>ictum,</strong></span> <span class='ocrx_word' id='word_1_244' title='bbox 888 2611 949 2668; x_wconf 88' lang='lat' dir='ltr'><strong>sine</strong></span> <span class='ocrx_word' id='word_1_245' title='bbox 970 2610 1088 2669; x_wconf 89' lang='lat' dir='ltr'><strong>elisione</strong></span> <span class='ocrx_word' id='word_1_246' title='bbox 1101 2629 1230 2687; x_wconf 90' lang='lat' dir='ltr'><strong>pronun·</strong></span> 
     </span>
    </p>

    <p class='ocr_par' dir='ltr' id='par_1_11' title="bbox 75 2680 1227 2769">
     <span class='ocr_line' id='line_1_29' title="bbox 75 2680 1227 2769; baseline 0.003 -26"><span class='ocrx_word' id='word_1_247' title='bbox 75 2680 83 2757; x_wconf 77' lang='lat' dir='ltr'><strong>l</strong></span> <span class='ocrx_word' id='word_1_248' title='bbox 117 2685 232 2746; x_wconf 88' lang='lat' dir='ltr'><strong>cientur.</strong></span> <span class='ocrx_word' id='word_1_249' title='bbox 275 2689 399 2749; x_wconf 92' lang='lat' dir='ltr'><strong>Minime</strong></span> <span class='ocrx_word' id='word_1_250' title='bbox 419 2705 516 2749; x_wconf 87' lang='lat' dir='ltr'><strong>tamen</strong></span> <span class='ocrx_word' id='word_1_251' title='bbox 531 2692 571 2751; x_wconf 91' lang='lat' dir='ltr'><strong>ita</strong></span> <span class='ocrx_word' id='word_1_252' title='bbox 591 2694 759 2752; x_wconf 90' lang='lat' dir='ltr'><strong>observatur</strong></span> <span class='ocrx_word' id='word_1_253' title='bbox 778 2693 842 2750; x_wconf 83' lang='lat' dir='ltr'><strong>haec</strong></span> <span class='ocrx_word' id='word_1_254' title='bbox 864 2691 974 2769; x_wconf 90' lang='lat' dir='ltr'><strong>regula,</strong></span> <span class='ocrx_word' id='word_1_255' title='bbox 989 2703 1176 2768; x_wconf 88' lang='lat' dir='ltr'><strong>utnusquam</strong></span> <span class='ocrx_word' id='word_1_256' title='bbox 1191 2691 1227 2748; x_wconf 88' lang='lat' dir='ltr'><strong>ab</strong></span> 
     </span>
    </p>

    <p class='ocr_par' dir='ltr' id='par_1_12' title="bbox 75 2760 1226 2852">
     <span class='ocr_line' id='line_1_30' title="bbox 75 2760 1226 2852; baseline 0.002 -26"><span class='ocrx_word' id='word_1_257' title='bbox 75 2760 82 2837; x_wconf 66' lang='grc' dir='ltr'>ἱ</span> <span class='ocrx_word' id='word_1_258' title='bbox 118 2767 331 2830; x_wconf 84' lang='lat' dir='ltr'><strong>eadiscedatur.</strong></span> <span class='ocrx_word' id='word_1_259' title='bbox 372 2772 450 2837; x_wconf 83' lang='lat' dir='ltr'><strong>Quin</strong></span> <span class='ocrx_word' id='word_1_260' title='bbox 473 2772 631 2851; x_wconf 87' lang='lat' dir='ltr'><strong>negligitur</strong></span> <span class='ocrx_word' id='word_1_261' title='bbox 654 2773 822 2852; x_wconf 71' lang='lat' dir='ltr'><strong>sepissime,</strong></span> <span class='ocrx_word' id='word_1_262' title='bbox 846 2773 1013 2851; x_wconf 86' lang='lat' dir='ltr'><strong>negligique</strong></span> <span class='ocrx_word' id='word_1_263' title='bbox 1027 2773 1123 2849; x_wconf 85' lang='lat' dir='ltr'><strong>potuit</strong></span> <span class='ocrx_word' id='word_1_264' title='bbox 1144 2782 1226 2829; x_wconf 87' lang='lat' dir='ltr'><strong>tanto</strong></span> 
     </span>
    </p>

    <p class='ocr_par' dir='ltr' id='par_1_13' title="bbox 75 2846 1225 2931">
     <span class='ocr_line' id='line_1_31' title="bbox 75 2846 1225 2931; baseline 0.001 -23"><span class='ocrx_word' id='word_1_265' title='bbox 75 2854 77 2929; x_wconf 65' lang='lat' dir='ltr'>J</span> <span class='ocrx_word' id='word_1_266' title='bbox 119 2846 230 2922; x_wconf 80' lang='lat' dir='ltr'><strong>facilius,</strong></span> <span class='ocrx_word' id='word_1_267' title='bbox 245 2852 334 2928; x_wconf 91' lang='lat' dir='ltr'><strong>quod,</strong></span> <span class='ocrx_word' id='word_1_268' title='bbox 345 2852 388 2910; x_wconf 93' lang='lat' dir='ltr'><strong>uti</strong></span> <span class='ocrx_word' id='word_1_269' title='bbox 402 2853 513 2911; x_wconf 90' lang='lat' dir='ltr'><strong>dictum</strong></span> <span class='ocrx_word' id='word_1_270' title='bbox 527 2867 581 2925; x_wconf 92' lang='lat' dir='ltr'><strong>est,</strong></span> <span class='ocrx_word' id='word_1_271' title='bbox 596 2855 714 2913; x_wconf 89' lang='lat' dir='ltr'><strong>omnino</strong></span> <span class='ocrx_word' id='word_1_272' title='bbox 729 2854 853 2913; x_wconf 91' lang='lat' dir='ltr'><strong>Romani</strong></span> <span class='ocrx_word' id='word_1_273' title='bbox 864 2874 922 2912; x_wconf 91' lang='lat' dir='ltr'><strong>nou</strong></span> <span class='ocrx_word' id='word_1_274' title='bbox 936 2865 996 2912; x_wconf 90' lang='lat' dir='ltr'><strong>tam</strong></span> <span class='ocrx_word' id='word_1_275' title='bbox 1011 2853 1079 2911; x_wconf 88' lang='lat' dir='ltr'><strong>elidi</strong></span> <span class='ocrx_word' id='word_1_276' title='bbox 1092 2851 1225 2931; x_wconf 88' lang='lat' dir='ltr'><strong>syllabas,</strong></span> 
     </span>
    </p>

    <p class='ocr_par' dir='ltr' id='par_1_14' title="bbox 75 2932 1227 3013">
     <span class='ocr_line' id='line_1_32' title="bbox 75 2932 1227 3013; baseline 0.003 -27"><span class='ocrx_word' id='word_1_277' title='bbox 75 2942 77 2995; x_wconf 74' lang='grc' dir='ltr'>ε</span> <span class='ocrx_word' id='word_1_278' title='bbox 120 2947 195 3005; x_wconf 87' lang='lat' dir='ltr'><strong>quam</strong></span> <span class='ocrx_word' id='word_1_279' title='bbox 226 2933 390 2992; x_wconf 90' lang='lat' dir='ltr'><strong>coalescere</strong></span> <span class='ocrx_word' id='word_1_280' title='bbox 423 2932 587 2995; x_wconf 87' lang='lat' dir='ltr'><strong>voluerunt.</strong></span> <span class='ocrx_word' id='word_1_281' title='bbox 641 2935 790 2995; x_wconf 87' lang='lat' dir='ltr'><strong>Bentleius</strong></span> <span class='ocrx_word' id='word_1_282' title='bbox 824 2935 951 3013; x_wconf 88' lang='lat' dir='ltr'><strong>quidem,</strong></span> <span class='ocrx_word' id='word_1_283' title='bbox 987 2935 1073 2993; x_wconf 91' lang='lat' dir='ltr'><strong>nimis</strong></span> <span class='ocrx_word' id='word_1_284' title='bbox 1105 2933 1227 3012; x_wconf 88' lang='lat' dir='ltr'><strong>diligens</strong></span> 
     </span>
    </p>

    <p class='ocr_par' dir='ltr' id='par_1_15' title="bbox 75 3012 1106 3096">
     <span class='ocr_line' id='line_1_33' title="bbox 75 3012 1106 3096; baseline 0.006 -30"><span class='ocrx_word' id='word_1_285' title='bbox 75 3012 80 3061; x_wconf 72' lang='grc' dir='ltr'>ἰ</span> <span class='ocrx_word' id='word_1_286' title='bbox 119 3012 251 3091; x_wconf 78' lang='lat' dir='ltr'><strong>neglectae</strong></span> <span class='ocrx_word' id='word_1_287' title='bbox 263 3012 390 3073; x_wconf 88' lang='lat' dir='ltr'><strong>elisionis</strong></span> <span class='ocrx_word' id='word_1_288' title='bbox 402 3016 579 3086; x_wconf 89' lang='lat' dir='ltr'><strong>observator,</strong></span> <span class='ocrx_word' id='word_1_289' title='bbox 592 3036 669 3096; x_wconf 88' lang='lat' dir='ltr'><strong>saepe</strong></span> <span class='ocrx_word' id='word_1_290' title='bbox 684 3016 800 3075; x_wconf 89' lang='lat' dir='ltr'><strong>modum</strong></span> <span class='ocrx_word' id='word_1_291' title='bbox 815 3016 844 3073; x_wconf 92' lang='lat' dir='ltr'><strong>in</strong></span> <span class='ocrx_word' id='word_1_292' title='bbox 858 3018 915 3075; x_wconf 91' lang='lat' dir='ltr'><strong>hac</strong></span> <span class='ocrx_word' id='word_1_293' title='bbox 929 3036 960 3075; x_wconf 90' lang='lat' dir='ltr'><strong>re</strong></span> <span class='ocrx_word' id='word_1_294' title='bbox 971 3016 1106 3074; x_wconf 87' lang='lat' dir='ltr'><strong>excessit.</strong></span> 
     </span>
    </p>

    <p class='ocr_par' dir='ltr' id='par_1_16' title="bbox 75 3084 1293 3662">
     <span class='ocr_line' id='line_1_34' title="bbox 75 3084 1223 3176; baseline 0 -22"><span class='ocrx_word' id='word_1_295' title='bbox 75 3084 80 3163; x_wconf 84' lang='lat' dir='ltr'><strong>l</strong></span> <span class='ocrx_word' id='word_1_296' title='bbox 152 3098 197 3154; x_wconf 74' lang='lat'><strong>29.</strong></span> <span class='ocrx_word' id='word_1_297' title='bbox 218 3093 382 3172; x_wconf 79' lang='lat' dir='ltr'><strong>Diligenter</strong></span> <span class='ocrx_word' id='word_1_298' title='bbox 402 3097 537 3165; x_wconf 86' lang='lat' dir='ltr'><strong>notandae</strong></span> <span class='ocrx_word' id='word_1_299' title='bbox 557 3109 624 3156; x_wconf 86' lang='lat' dir='ltr'><strong>sunt</strong></span> <span class='ocrx_word' id='word_1_300' title='bbox 638 3098 725 3156; x_wconf 89' lang='lat' dir='ltr'><strong>etiam</strong></span> <span class='ocrx_word' id='word_1_301' title='bbox 746 3097 901 3176; x_wconf 88' lang='lat' dir='ltr'><strong>synizeses,</strong></span> <span class='ocrx_word' id='word_1_302' title='bbox 915 3117 980 3176; x_wconf 88' lang='lat' dir='ltr'><strong>quae</strong></span> <span class='ocrx_word' id='word_1_303' title='bbox 995 3117 1083 3176; x_wconf 90' lang='lat' dir='ltr'><strong>quum</strong></span> <span class='ocrx_word' id='word_1_304' title='bbox 1098 3095 1223 3155; x_wconf 85' lang='lat' dir='ltr'><strong>usitatis-</strong></span> 
     </span>
     <span class='ocr_line' id='line_1_35' title="bbox 119 3168 1293 3259; baseline 0.004 -29"><span class='ocrx_word' id='word_1_305' title='bbox 119 3168 187 3232; x_wconf 80' lang='lat' dir='ltr'><strong>timae</strong></span> <span class='ocrx_word' id='word_1_306' title='bbox 206 3173 264 3234; x_wconf 86' lang='lat' dir='ltr'><strong>sint</strong></span> <span class='ocrx_word' id='word_1_307' title='bbox 284 3176 314 3233; x_wconf 89' lang='lat' dir='ltr'><strong>in</strong></span> <span class='ocrx_word' id='word_1_308' title='bbox 337 3178 554 3254; x_wconf 91' lang='lat' dir='ltr'><strong>pronominibus</strong></span> <span class='ocrx_word' id='word_1_309' title='bbox 574 3178 756 3257; x_wconf 91' lang='lat' dir='ltr'><strong>quibusdam,</strong></span> <span class='ocrx_word' id='word_1_310' title='bbox 778 3193 809 3236; x_wconf 92' lang='lat' dir='ltr'><strong>ut</strong></span> <span class='ocrx_word' id='word_1_311' title='bbox 828 3198 919 3256; x_wconf 90' lang='lat' dir='ltr'><strong>quum</strong></span> <span class='ocrx_word' id='word_1_312' title='bbox 940 3180 999 3259; x_wconf 80' lang='lat' dir='ltr'><strong>ejus</strong></span> <span class='ocrx_word' id='word_1_313' title='bbox 1020 3191 1050 3238; x_wconf 91' lang='lat' dir='ltr'><strong>et</strong></span> <span class='ocrx_word' id='word_1_314' title='bbox 1070 3182 1148 3257; x_wconf 75' lang='lat' dir='ltr'><strong>cty&#39;tu</strong></span> <span class='ocrx_word' id='word_1_315' title='bbox 1170 3195 1227 3235; x_wconf 86' lang='lat' dir='ltr'><strong>una</strong></span> <span class='ocrx_word' id='word_1_316' title='bbox 1289 3215 1293 3221; x_wconf 84' lang='lat'><strong>·</strong></span> 
     </span>
     <span class='ocr_line' id='line_1_36' title="bbox 118 3252 1227 3334; baseline 0.002 -20"><span class='ocrx_word' id='word_1_317' title='bbox 118 3252 217 3330; x_wconf 76' lang='lat' dir='ltr'><strong>syllaba</strong></span> <span class='ocrx_word' id='word_1_318' title='bbox 236 3257 454 3334; x_wconf 88' lang='lat' dir='ltr'><strong>pronunciatur,</strong></span> <span class='ocrx_word' id='word_1_319' title='bbox 474 3269 537 3316; x_wconf 92' lang='lat' dir='ltr'><strong>tum</strong></span> <span class='ocrx_word' id='word_1_320' title='bbox 558 3261 645 3318; x_wconf 87' lang='lat' dir='ltr'><strong>etiarn</strong></span> <span class='ocrx_word' id='word_1_321' title='bbox 672 3259 702 3316; x_wconf 93' lang='lat' dir='ltr'><strong>in</strong></span> <span class='ocrx_word' id='word_1_322' title='bbox 723 3258 785 3316; x_wconf 86' lang='lat' dir='ltr'><strong>aliis</strong></span> <span class='ocrx_word' id='word_1_323' title='bbox 804 3259 952 3318; x_wconf 85' lang='lat' dir='ltr'><strong>vocabulis</strong></span> <span class='ocrx_word' id='word_1_324' title='bbox 979 3260 1174 3329; x_wconf 87' lang='lat' dir='ltr'><strong>inveniuntur,</strong></span> <span class='ocrx_word' id='word_1_325' title='bbox 1196 3258 1227 3316; x_wconf 90' lang='lat' dir='ltr'><strong>in</strong></span> 
     </span>
     <span class='ocr_line' id='line_1_37' title="bbox 120 3333 1225 3416; baseline 0.005 -24"><span class='ocrx_word' id='word_1_326' title='bbox 120 3333 213 3410; x_wconf 87' lang='lat' dir='ltr'><strong>quibus</strong></span> <span class='ocrx_word' id='word_1_327' title='bbox 226 3356 303 3416; x_wconf 85' lang='lat' dir='ltr'><strong>saepe</strong></span> <span class='ocrx_word' id='word_1_328' title='bbox 326 3337 457 3398; x_wconf 83' lang='lat' dir='ltr'><strong>fraudem</strong></span> <span class='ocrx_word' id='word_1_329' title='bbox 472 3358 508 3399; x_wconf 88' lang='lat' dir='ltr'><strong>ea</strong></span> <span class='ocrx_word' id='word_1_330' title='bbox 521 3359 566 3398; x_wconf 91' lang='lat' dir='ltr'><strong>res</strong></span> <span class='ocrx_word' id='word_1_331' title='bbox 578 3340 650 3399; x_wconf 87' lang='lat' dir='ltr'><strong>fecit</strong></span> <span class='ocrx_word' id='word_1_332' title='bbox 674 3340 790 3399; x_wconf 91' lang='lat' dir='ltr'><strong>criticis.</strong></span> <span class='ocrx_word' id='word_1_333' title='bbox 832 3341 879 3399; x_wconf 89' lang='lat' dir='ltr'><strong>Ita</strong></span> <span class='ocrx_word' id='word_1_334' title='bbox 899 3361 1006 3414; x_wconf 86' lang='lat' dir='ltr'><strong>nauem,</strong></span> <span class='ocrx_word' id='word_1_335' title='bbox 1020 3343 1135 3401; x_wconf 85' lang='lat' dir='ltr'><strong>Davum</strong></span> <span class='ocrx_word' id='word_1_336' title='bbox 1150 3358 1225 3416; x_wconf 81' lang='lat' dir='ltr'><strong>saepe</strong></span> 
     </span>
     <span class='ocr_line' id='line_1_38' title="bbox 119 3412 1227 3501; baseline 0.003 -27"><span class='ocrx_word' id='word_1_337' title='bbox 119 3412 247 3476; x_wconf 84' lang='lat' dir='ltr'><strong>dixerunt</strong></span> <span class='ocrx_word' id='word_1_338' title='bbox 265 3438 324 3477; x_wconf 92' lang='lat' dir='ltr'><strong>una</strong></span> <span class='ocrx_word' id='word_1_339' title='bbox 335 3419 453 3498; x_wconf 84' lang='lat' dir='ltr'><strong>syllaba,</strong></span> <span class='ocrx_word' id='word_1_340' title='bbox 467 3421 693 3499; x_wconf 87' lang='lat' dir='ltr'><strong>videndumque,</strong></span> <span class='ocrx_word' id='word_1_341' title='bbox 716 3440 764 3493; x_wconf 90' lang='lat' dir='ltr'><strong>ne,</strong></span> <span class='ocrx_word' id='word_1_342' title='bbox 779 3433 811 3481; x_wconf 91' lang='lat' dir='ltr'><strong>ut</strong></span> <span class='ocrx_word' id='word_1_343' title='bbox 824 3421 902 3501; x_wconf 91' lang='lat' dir='ltr'><strong>apud</strong></span> <span class='ocrx_word' id='word_1_344' title='bbox 917 3423 1086 3481; x_wconf 89' lang='lat' dir='ltr'><strong>Lucretium</strong></span> <span class='ocrx_word' id='word_1_345' title='bbox 1101 3421 1227 3480; x_wconf 67' lang='lat' dir='ltr'><strong>irritavit</strong></span> 
     </span>
     <span class='ocr_line' id='line_1_39' title="bbox 120 3491 1225 3583; baseline 0.005 -31"><span class='ocrx_word' id='word_1_346' title='bbox 120 3491 269 3570; x_wconf 63' lang='lat' dir='ltr'><strong>intrarat,</strong></span> <span class='ocrx_word' id='word_1_347' title='bbox 293 3500 371 3579; x_wconf 89' lang='lat' dir='ltr'><strong>apud</strong></span> <span class='ocrx_word' id='word_1_348' title='bbox 391 3502 547 3579; x_wconf 84' lang='lat' dir='ltr'><strong>Virgilium</strong></span> <span class='ocrx_word' id='word_1_349' title='bbox 565 3504 669 3582; x_wconf 81' lang='lat' dir='ltr'><strong>petivit</strong></span> <span class='ocrx_word' id='word_1_350' title='bbox 692 3502 721 3560; x_wconf 90' lang='lat' dir='ltr'><strong>in</strong></span> <span class='ocrx_word' id='word_1_351' title='bbox 740 3504 816 3583; x_wconf 79' lang='lat' dir='ltr'><strong>petit</strong></span> <span class='ocrx_word' id='word_1_352' title='bbox 837 3513 1020 3561; x_wconf 88' lang='lat' dir='ltr'><strong>contractum</strong></span> <span class='ocrx_word' id='word_1_353' title='bbox 1044 3513 1097 3571; x_wconf 90' lang='lat' dir='ltr'><strong>est,</strong></span> <span class='ocrx_word' id='word_1_354' title='bbox 1123 3500 1225 3577; x_wconf 89' lang='lat' dir='ltr'><strong>eadem</strong></span> 
     </span>
     <span class='ocr_line' id='line_1_40' title="bbox 121 3579 1004 3662; baseline 0.009 -28"><span class='ocrx_word' id='word_1_355' title='bbox 121 3579 270 3638; x_wconf 86' lang='lat' dir='ltr'><strong>contractio</strong></span> <span class='ocrx_word' id='word_1_356' title='bbox 284 3581 370 3640; x_wconf 83' lang='lat' dir='ltr'><strong>etiarn</strong></span> <span class='ocrx_word' id='word_1_357' title='bbox 384 3583 462 3660; x_wconf 91' lang='lat' dir='ltr'><strong>apud</strong></span> <span class='ocrx_word' id='word_1_358' title='bbox 475 3583 603 3642; x_wconf 89' lang='lat' dir='ltr'><strong>comicos</strong></span> <span class='ocrx_word' id='word_1_359' title='bbox 616 3603 833 3662; x_wconf 90' lang='lat' dir='ltr'><strong>nonnumquam</strong></span> <span class='ocrx_word' id='word_1_360' title='bbox 848 3582 1004 3642; x_wconf 88' lang='lat' dir='ltr'><strong>delituerit.</strong></span> 
     </span>
    </p>

    <p class='ocr_par' dir='ltr' id='par_1_17' title="bbox 111 3660 1281 4229">
     <span class='ocr_line' id='line_1_41' title="bbox 118 3660 1226 3748; baseline 0.003 -30"><span class='ocrx_word' id='word_1_361' title='bbox 118 3734 125 3748; x_wconf 37' lang='grc' dir='ltr'>ι</span> <span class='ocrx_word' id='word_1_362' title='bbox 150 3663 196 3721; x_wconf 80' lang='grc'><strong>30.</strong></span> <span class='ocrx_word' id='word_1_363' title='bbox 216 3660 362 3721; x_wconf 76' lang='lat' dir='ltr'><strong>Praeterea</strong></span> <span class='ocrx_word' id='word_1_364' title='bbox 374 3661 452 3722; x_wconf 86' lang='lat' dir='ltr'><strong>haud</strong></span> <span class='ocrx_word' id='word_1_365' title='bbox 462 3683 556 3742; x_wconf 87' lang='lat' dir='ltr'><strong>pauca</strong></span> <span class='ocrx_word' id='word_1_366' title='bbox 568 3676 637 3724; x_wconf 88' lang='lat' dir='ltr'><strong>sunt</strong></span> <span class='ocrx_word' id='word_1_367' title='bbox 648 3665 799 3736; x_wconf 86' lang='lat' dir='ltr'><strong>vocabula,</strong></span> <span class='ocrx_word' id='word_1_368' title='bbox 811 3684 875 3742; x_wconf 87' lang='lat' dir='ltr'><strong>quae</strong></span> <span class='ocrx_word' id='word_1_369' title='bbox 889 3665 919 3720; x_wconf 91' lang='lat' dir='ltr'><strong>iu</strong></span> <span class='ocrx_word' id='word_1_370' title='bbox 932 3661 1079 3722; x_wconf 90' lang='lat' dir='ltr'><strong>communi</strong></span> <span class='ocrx_word' id='word_1_371' title='bbox 1092 3680 1226 3721; x_wconf 91' lang='lat' dir='ltr'><strong>sermone</strong></span> 
     </span>
     <span class='ocr_line' id='line_1_42' title="bbox 117 3741 1226 3824; baseline 0.005 -27"><span class='ocrx_word' id='word_1_372' title='bbox 117 3741 295 3803; x_wconf 73' lang='lat' dir='ltr'><strong>itaridentur</strong></span> <span class='ocrx_word' id='word_1_373' title='bbox 317 3745 508 3822; x_wconf 90' lang='lat' dir='ltr'><strong>pronunciata</strong></span> <span class='ocrx_word' id='word_1_374' title='bbox 529 3765 602 3815; x_wconf 90' lang='lat' dir='ltr'><strong>esse,</strong></span> <span class='ocrx_word' id='word_1_375' title='bbox 624 3757 655 3804; x_wconf 92' lang='lat' dir='ltr'><strong>ut</strong></span> <span class='ocrx_word' id='word_1_376' title='bbox 676 3747 722 3806; x_wconf 89' lang='lat' dir='ltr'><strong>vel</strong></span> <span class='ocrx_word' id='word_1_377' title='bbox 744 3746 857 3822; x_wconf 88' lang='lat' dir='ltr'><strong>integra</strong></span> <span class='ocrx_word' id='word_1_378' title='bbox 878 3745 988 3824; x_wconf 85' lang='lat' dir='ltr'><strong>syllaba</strong></span> <span class='ocrx_word' id='word_1_379' title='bbox 1007 3744 1124 3823; x_wconf 89' lang='lat' dir='ltr'><strong>periret,</strong></span> <span class='ocrx_word' id='word_1_380' title='bbox 1146 3744 1226 3803; x_wconf 86' lang='lat' dir='ltr'><strong>velut</strong></span> 
     </span>
     <span class='ocr_line' id='line_1_43' title="bbox 117 3819 1226 3897; baseline 0.006 -20"><span class='ocrx_word' id='word_1_381' title='bbox 117 3819 217 3895; x_wconf 63' lang='lat' dir='ltr'><strong>nmini,</strong></span> <span class='ocrx_word' id='word_1_382' title='bbox 238 3843 267 3883; x_wconf 85' lang='lat' dir='ltr'><strong>v.</strong></span> <span class='ocrx_word' id='word_1_383' title='bbox 287 3823 384 3884; x_wconf 85' lang='lat' dir='ltr'><strong>Bentl.</strong></span> <span class='ocrx_word' id='word_1_384' title='bbox 404 3825 442 3883; x_wconf 89' lang='lat' dir='ltr'><strong>ad</strong></span> <span class='ocrx_word' id='word_1_385' title='bbox 456 3827 524 3886; x_wconf 89' lang='lat' dir='ltr'><strong>Ter.</strong></span> <span class='ocrx_word' id='word_1_386' title='bbox 547 3827 623 3886; x_wconf 91' lang='lat' dir='ltr'><strong>Hec.</strong></span> <span class='ocrx_word' id='word_1_387' title='bbox 639 3828 747 3897; x_wconf 88' lang='lat'><em>111.-1‚</em></span> <span class='ocrx_word' id='word_1_388' title='bbox 764 3831 790 3886; x_wconf 90' lang='lat'><strong>1.</strong></span> <span class='ocrx_word' id='word_1_389' title='bbox 805 3837 834 3885; x_wconf 89' lang='lat' dir='ltr'><strong>et</strong></span> <span class='ocrx_word' id='word_1_390' title='bbox 855 3827 892 3885; x_wconf 88' lang='lat' dir='ltr'><strong>ad</strong></span> <span class='ocrx_word' id='word_1_391' title='bbox 913 3827 990 3885; x_wconf 91' lang='lat' dir='ltr'><strong>Eun.</strong></span> <span class='ocrx_word' id='word_1_392' title='bbox 1012 3825 1070 3890; x_wconf 88' lang='lat'><strong>111.</strong></span> <span class='ocrx_word' id='word_1_393' title='bbox 1091 3827 1121 3896; x_wconf 73' lang='lat'><strong>2,</strong></span> <span class='ocrx_word' id='word_1_394' title='bbox 1136 3829 1165 3890; x_wconf 88' lang='lat'><strong>7.</strong></span> <span class='ocrx_word' id='word_1_395' title='bbox 1178 3825 1226 3884; x_wconf 85' lang='lat' dir='ltr'><strong>vel</strong></span> 
     </span>
     <span class='ocr_line' id='line_1_44' title="bbox 114 3904 1281 3991; baseline 0.002 -28"><span class='ocrx_word' id='word_1_396' title='bbox 114 3910 171 3963; x_wconf 79' lang='lat' dir='ltr'><strong>lota</strong></span> <span class='ocrx_word' id='word_1_397' title='bbox 191 3923 250 3963; x_wconf 84' lang='lat' dir='ltr'><strong>vox</strong></span> <span class='ocrx_word' id='word_1_398' title='bbox 270 3904 353 3965; x_wconf 88' lang='lat' dir='ltr'><strong>aliter</strong></span> <span class='ocrx_word' id='word_1_399' title='bbox 376 3918 502 3981; x_wconf 90' lang='lat' dir='ltr'><strong>sonaret,</strong></span> <span class='ocrx_word' id='word_1_400' title='bbox 523 3926 609 3985; x_wconf 89' lang='lat' dir='ltr'><strong>quam</strong></span> <span class='ocrx_word' id='word_1_401' title='bbox 631 3907 774 3987; x_wconf 88' lang='lat' dir='ltr'><strong>scriptura</strong></span> <span class='ocrx_word' id='word_1_402' title='bbox 794 3907 914 3967; x_wconf 91' lang='lat' dir='ltr'><strong>indicat.</strong></span> <span class='ocrx_word' id='word_1_403' title='bbox 957 3909 1005 3968; x_wconf 89' lang='lat' dir='ltr'><strong>Sic</strong></span> <span class='ocrx_word' id='word_1_404' title='bbox 1022 3925 1098 3985; x_wconf 88' lang='lat' dir='ltr'><strong>saepe</strong></span> <span class='ocrx_word' id='word_1_405' title='bbox 1120 3924 1222 3965; x_wconf 88' lang='lat' dir='ltr'><strong>mono·</strong></span> <span class='ocrx_word' id='word_1_406' title='bbox 1276 3976 1281 3991; x_wconf 40' lang='grc' dir='ltr'><em>Ι</em></span> 
     </span>
     <span class='ocr_line' id='line_1_45' title="bbox 113 3983 1225 4067; baseline 0.003 -26"><span class='ocrx_word' id='word_1_407' title='bbox 113 3983 215 4062; x_wconf 82' lang='lat' dir='ltr'><strong>syllaba</strong></span> <span class='ocrx_word' id='word_1_408' title='bbox 234 3995 301 4044; x_wconf 82' lang='lat' dir='ltr'><strong>aunt</strong></span> <span class='ocrx_word' id='word_1_409' title='bbox 315 3987 398 4060; x_wconf 86' lang='lat' dir='ltr'><strong>domi,</strong></span> <span class='ocrx_word' id='word_1_410' title='bbox 419 3988 493 4059; x_wconf 81' lang='lat' dir='ltr'><strong>boni,</strong></span> <span class='ocrx_word' id='word_1_411' title='bbox 514 3988 592 4058; x_wconf 79' lang='lat' dir='ltr'><strong>muli,</strong></span> <span class='ocrx_word' id='word_1_412' title='bbox 613 3986 738 4048; x_wconf 82' lang='lat' dir='ltr'><strong>malum:</strong></span> <span class='ocrx_word' id='word_1_413' title='bbox 761 4008 884 4067; x_wconf 90' lang='lat' dir='ltr'><strong>quorum</strong></span> <span class='ocrx_word' id='word_1_414' title='bbox 905 3989 959 4048; x_wconf 91' lang='lat' dir='ltr'><strong>etsi</strong></span> <span class='ocrx_word' id='word_1_415' title='bbox 979 4007 1076 4052; x_wconf 87' lang='lat' dir='ltr'><strong>veram</strong></span> <span class='ocrx_word' id='word_1_416' title='bbox 1096 4007 1225 4066; x_wconf 89' lang='lat' dir='ltr'><strong>pronun-</strong></span> 
     </span>
     <span class='ocr_line' id='line_1_46' title="bbox 111 4063 1225 4148; baseline 0.003 -24"><span class='ocrx_word' id='word_1_417' title='bbox 111 4063 260 4125; x_wconf 79' lang='lat' dir='ltr'><strong>ciationem</strong></span> <span class='ocrx_word' id='word_1_418' title='bbox 274 4067 322 4124; x_wconf 82' lang='lat' dir='ltr'><strong>vix</strong></span> <span class='ocrx_word' id='word_1_419' title='bbox 336 4068 486 4147; x_wconf 91' lang='lat' dir='ltr'><strong>quisquam</strong></span> <span class='ocrx_word' id='word_1_420' title='bbox 496 4069 584 4128; x_wconf 93' lang='lat' dir='ltr'><strong>hodie</strong></span> <span class='ocrx_word' id='word_1_421' title='bbox 598 4071 717 4148; x_wconf 87' lang='lat' dir='ltr'><strong>aperiet,</strong></span> <span class='ocrx_word' id='word_1_422' title='bbox 732 4082 829 4129; x_wconf 87' lang='lat' dir='ltr'><strong>tamen</strong></span> <span class='ocrx_word' id='word_1_423' title='bbox 838 4070 1037 4148; x_wconf 85' lang='lat' dir='ltr'><strong>exemplorum</strong></span> <span class='ocrx_word' id='word_1_424' title='bbox 1047 4068 1225 4147; x_wconf 88' lang='lat' dir='ltr'><strong>comparatio</strong></span> 
     </span>
     <span class='ocr_line' id='line_1_47' title="bbox 111 4144 933 4229; baseline 0.007 -27"><span class='ocrx_word' id='word_1_425' title='bbox 111 4144 226 4207; x_wconf 82' lang='lat' dir='ltr'><strong>fortasse</strong></span> <span class='ocrx_word' id='word_1_426' title='bbox 240 4147 278 4206; x_wconf 84' lang='lat' dir='ltr'><strong>ad</strong></span> <span class='ocrx_word' id='word_1_427' title='bbox 291 4149 469 4226; x_wconf 89' lang='lat' dir='ltr'><strong>probabilem</strong></span> <span class='ocrx_word' id='word_1_428' title='bbox 483 4149 591 4209; x_wconf 91' lang='lat' dir='ltr'><strong>ducere</strong></span> <span class='ocrx_word' id='word_1_429' title='bbox 605 4155 804 4228; x_wconf 86' lang='lat' dir='ltr'><strong>conjecturam</strong></span> <span class='ocrx_word' id='word_1_430' title='bbox 817 4151 933 4229; x_wconf 89' lang='lat' dir='ltr'><strong>poterit.</strong></span> 
     </span>
    </p>

    <p class='ocr_par' dir='ltr' id='par_1_18' title="bbox 134 4229 1225 4311">
     <span class='ocr_line' id='line_1_48' title="bbox 134 4229 1225 4311; baseline 0.001 -23"><span class='ocrx_word' id='word_1_431' title='bbox 134 4233 195 4303; x_wconf 16' lang='lat'><strong>⁴31.</strong></span> <span class='ocrx_word' id='word_1_432' title='bbox 216 4229 354 4306; x_wconf 91' lang='lat' dir='ltr'><strong>Denique</strong></span> <span class='ocrx_word' id='word_1_433' title='bbox 374 4231 404 4288; x_wconf 92' lang='lat' dir='ltr'><strong>in</strong></span> <span class='ocrx_word' id='word_1_434' title='bbox 425 4231 470 4290; x_wconf 90' lang='lat' dir='ltr'><strong>his</strong></span> <span class='ocrx_word' id='word_1_435' title='bbox 484 4231 616 4290; x_wconf 89' lang='lat' dir='ltr'><strong>omnibus</strong></span> <span class='ocrx_word' id='word_1_436' title='bbox 636 4232 790 4310; x_wconf 91' lang='lat' dir='ltr'><strong>diligenter</strong></span> <span class='ocrx_word' id='word_1_437' title='bbox 811 4231 968 4290; x_wconf 89' lang='lat' dir='ltr'><strong>videndum</strong></span> <span class='ocrx_word' id='word_1_438' title='bbox 989 4233 1097 4311; x_wconf 91' lang='lat' dir='ltr'><strong>quoin</strong></span> <span class='ocrx_word' id='word_1_439' title='bbox 1117 4250 1225 4310; x_wconf 90' lang='lat' dir='ltr'><strong>genere</strong></span> 
     </span>
    </p>
   </div>
   <div class='ocr_carea' id='block_1_4' title="bbox 108 4309 1227 4450">
    <p class='ocr_par' dir='ltr' id='par_1_19' title="bbox 108 4309 1227 4450">
     <span class='ocr_line' id='line_1_49' title="bbox 108 4309 1227 4450; baseline 0.002 -82"><span class='ocrx_word' id='word_1_440' title='bbox 108 4309 247 4386; x_wconf 83' lang='lat' dir='ltr'><strong>carminis,</strong></span> <span class='ocrx_word' id='word_1_441' title='bbox 261 4321 292 4371; x_wconf 90' lang='lat' dir='ltr'><strong>et</strong></span> <span class='ocrx_word' id='word_1_442' title='bbox 305 4330 364 4391; x_wconf 91' lang='lat' dir='ltr'><strong>quo</strong></span> <span class='ocrx_word' id='word_1_443' title='bbox 377 4312 407 4371; x_wconf 93' lang='lat' dir='ltr'><strong>in</strong></span> <span class='ocrx_word' id='word_1_444' title='bbox 421 4312 487 4373; x_wconf 92' lang='lat' dir='ltr'><strong>loco</strong></span> <span class='ocrx_word' id='word_1_445' title='bbox 501 4332 600 4373; x_wconf 86' lang='lat' dir='ltr'><strong>versus</strong></span> <span class='ocrx_word' id='word_1_446' title='bbox 620 4314 748 4450; x_wconf 69' lang='lat' dir='ltr'><strong>qpidque</strong></span> <span class='ocrx_word' id='word_1_447' title='bbox 762 4313 824 4374; x_wconf 86' lang='lat' dir='ltr'><strong>fieri</strong></span> <span class='ocrx_word' id='word_1_448' title='bbox 837 4314 941 4376; x_wconf 78' lang='lat' dir='ltr'><strong>soleat.</strong></span> <span class='ocrx_word' id='word_1_449' title='bbox 979 4315 1028 4375; x_wconf 88' lang='lat' dir='ltr'><strong>De</strong></span> <span class='ocrx_word' id='word_1_450' title='bbox 1047 4332 1104 4392; x_wconf 87' lang='lat' dir='ltr'><strong>qua</strong></span> <span class='ocrx_word' id='word_1_451' title='bbox 1118 4333 1149 4372; x_wconf 89' lang='lat' dir='ltr'><strong>re</strong></span> <span class='ocrx_word' id='word_1_452' title='bbox 1167 4315 1227 4390; x_wconf 88' lang='lat' dir='ltr'><strong>jam</strong></span> 
     </span>
    </p>
   </div>
   <div class='ocr_carea' id='block_1_5' title="bbox 602 4484 956 4595">
    <p class='ocr_par' dir='ltr' id='par_1_20' title="bbox 602 4484 956 4595">
     <span class='ocr_line' id='line_1_50' title="bbox 602 4484 956 4595; baseline 0.003 -17"><span class='ocrx_word' id='word_1_453' title='bbox 602 4552 610 4585; x_wconf 86' lang='grc'><em>,</em></span> <span class='ocrx_word' id='word_1_454' title='bbox 905 4484 956 4595; x_wconf 54' lang='grc' dir='ltr'>Ν</span> 
     </span>
    </p>
   </div>
   <div class='ocr_carea' id='block_1_6' title="bbox 0 0 1352 4866">
    <p class='ocr_par' dir='ltr' id='par_1_21' title="bbox 0 0 1352 4866">
     <span class='ocr_line' id='line_1_51' title="bbox 0 0 1352 4866; baseline 0 0"><span class='ocrx_word' id='word_1_455' title='bbox 0 0 1352 4866; x_wconf 95' lang='lat' dir='ltr'><strong> </strong></span> 
     </span>
    </p>
   </div>
  </div>
 </body>
</html>
