2694 4866
254 281 337 343 LIB.
356 278 399 341 11.
421 277 515 345 CAP.
535 275 607 339 XII.
628 275 687 367 DE
710 275 863 340 Mutuo
886 275 1083 341 [nmmum
1200 282 1239 339 61

91 455 182 516 Nam
196 451 269 512 etin
283 450 487 511 dissertatione
500 449 537 508 de
551 447 651 508 metris
665 447 859 519 Terentianis,
873 444 924 506 ubi
938 447 975 506 de
989 445 1126 521 clausulis
1138 446 1237 528 dispu-

92 549 154 609 tat,
171 554 260 594 unam
273 545 389 607 tantum
403 531 526 591 inveniri
544 530 574 588 in
589 529 720 590 Terentii
734 529 838 589 fabulis
851 528 1011 589 clausulam
1025 528 1106 602 dicit,
1121 550 1186 610 quae
1206 529 1238 589 in
1309 557 1316 568 κ

91 617 268 699 spondeum>
280 616 385 687 exiret,
401 613 514 673 caeteris
530 610 650 672 Cretico
662 611 835 683 terminatis,
1212 629 1218 642 *

174 733 324 806 adgrediar.
359 731 481 796 Bacchis,
489 729 569 797 stlte,

98 851 134 899 et
148 838 269 897 omrlino
280 836 412 914 ineptum
425 832 552 906 videtur,
563 851 652 911 quum
663 851 773 915 versus,
798 831 904 911 quibus
918 831 1055 893 clausulae
1070 833 1235 894 immiscen-
1328 891 1330 910 Ι

97 933 160 990 tur,
173 938 274 979 omnes
288 929 339 976 aut
354 914 518 975 catalectici
528 914 742 974 autacatalecti
752 915 821 984 sint,
830 914 988 973 clausulam
997 927 1237 993 usurpatamessa

100 1002 152 1062 vel
172 998 460 1078 brachycatalectam
484 997 529 1054 vel
551 995 829 1075 hypercatalectam,
854 1005 920 1074 quae
939 997 1052 1055 numeri
1073 996 1175 1055 formae
1195 997 1237 1057 ita

101 1083 208 1143 alienae
221 1091 300 1150 sunt,
323 1091 355 1138 ut
369 1097 485 1137 omnem
510 1077 737 1137 concinnitatem
761 1078 943 1156 perturbent.
985 1078 1115 1138 Terentii
1138 1078 1236 1137 locum

103 1162 354 1224 omninoliberius
366 1159 486 1219 refinxit
508 1158 660 1219 Bentleius
682 1158 782 1217 addito
802 1159 892 1218 verbo
905 1159 1007 1220 nescio.
1050 1159 1176 1226 Videtur
1189 1158 1238 1219 illa

105 1245 148 1307 ita
161 1243 360 1305 restituendus
374 1261 451 1302 esser
1169 1236 1174 1246 ·

214 1360 274 1416 Vah
287 1359 423 1431 qubmodo
431 1357 482 1413 bac
494 1375 538 1413 rne
555 1356 694 1430 expediam
706 1355 802 1414 turba?
820 1356 897 1414 tinta
909 1375 980 1413 nunc

213 1432 330 1520 auspicio
348 1430 382 1514 de
399 1448 442 1485 sne
454 1429 556 1512 incidit.
941 1442 942 1446 ’

215 1520 304 1630 25de
314 1500 661 1644 mihinirrnriegstgltristsrirsbrairi:
673 1573 780 1628 emissa:
800 1571 907 1629 idanus
919 1571 956 1627 ml
967 1569 1094 1628 indicium
1107 1570 1179 1629 fecit

407 1744 409 1753 ’
477 1828 481 1838 ,
562 1747 679 1824 CAP.
705 1747 799 1824 XII.

476 1954 527 2005 DE
552 1952 684 2005 mutuo
710 1953 888 2006 IAMBICO·

89 2026 92 2049 l

89 2072 93 2107 l

89 2116 93 2137 '
163 2117 187 2175 l.
199 2113 369 2175 Inusrcuu
385 2131 540 2171 numerum
553 2110 732 2171 atrochaico
745 2131 806 2169 non
819 2109 874 2169 nisi
888 2129 1063 2172 anacruseos
1074 2111 1243 2174 accessione

133 2189 240 2269 differre,
254 2213 343 2274 supra
356 2195 586 2254 demonstratum
601 2203 654 2251 est.
697 2193 798 2270 Atque
812 2211 850 2250 ex
873 2193 931 2251 hac
944 2204 1059 2251 tantum
1076 2213 1179 2252 caussa
1192 2213 1244 2253 ex·

136 2273 216 2348 plicari
229 2288 336 2357 potest,
345 2275 396 2354 qui
408 2275 469 2347 fiat,
485 2287 517 2333 ut
532 2272 675 2333 trochaici
688 2291 789 2332 versus
802 2275 964 2352 spondeum
978 2274 1008 2331 in
1022 2274 1152 2353 paribus,
1170 2276 1243 2335 iam-

137 2351 181 2414 bici
200 2371 306 2428 autern,
322 2357 371 2436 qui
385 2355 493 2435 pariter
507 2357 538 2414 in
552 2355 683 2434 dipodius
703 2354 881 2429 dividuntur,
896 2356 926 2414 in
941 2355 1097 2435 imparibus
1109 2356 1183 2417 IocIs
1196 2376 1242 2416 re-

139 2434 235 2514 cipiant.
256 2443 355 2505 Quum
369 2439 446 2496 enirn
461 2457 479 2495 a
492 2437 589 2496 medio
604 2436 705 2496 ordine
719 2436 868 2515 periodico
883 2436 993 2518 syllaba
1006 2456 1114 2518 anceps
1124 2440 1247 2500 exclusa
1320 2500 1322 2504 ,

140 2513 305 2601 statuoque
320 2520 350 2577 in
364 2512 520 2578 trochaicis
530 2519 659 2578 versibus
670 2537 730 2576 non
740 2517 794 2576 nisi
805 2518 907 2579 in'fine
921 2519 1056 2599 dipodiae,
1071 2521 1101 2578 in
1115 2519 1246 2580 iambicis

141 2608 218 2660 autem
231 2603 408 2661 in‘anacrusi
422 2600 520 2660 locum
535 2600 676 2660 inveniat:
697 2600 826 2679 apparet,
842 2620 906 2659 eam
928 2601 958 2658 in
980 2612 1106 2680 utroque
1122 2621 1245 2662 numero

142 2679 339 2742 eueminsede
350 2701 478 2754 manere,
488 2683 541 2741 sed
554 2683 651 2760 prouti
662 2701 815 2740 numerum
828 2683 874 2740 vel
888 2682 918 2739 in
932 2681 1021 2760 pedes
1035 2683 1189 2756 trochaeos,
1200 2684 1248 2742 vel

103 2798 107 2805 ·
142 2773 165 2816 111
165 2760 274 2900 diambos
288 2765 446 2836 describas,
469 2762 632 2843 spondeum
654 2763 700 2822 uel
714 2769 743 2821 in
757 2783 851 2842 pares,
865 2764 912 2823 vel
926 2765 956 2822 in
970 2763 1095 2843 impares
1108 2765 1189 2825 locos
1202 2764 1247 2823 in-

144 2855 164 2895 01
180 2863 234 2908 ere:

205 2943 627 3029 :llLuI-:llssvl-1·

206 3042 615 3128 ῦζΙυ-ΙΙσ-’.Ιυ-Ιῦ

147 3144 202 3213 Eam
214 3179 274 3218 rem
288 3179 376 3238 quum
392 3159 531 3239 expedire
546 3175 659 3237 exlsua
679 3158 813 3222 doctrina
834 3161 1017 3239 grammatici
1041 3182 1100 3222 non
1122 3176 1250 3242 possent,

146 3236 325 3315 ‘dilacerat
346 3260 433 3319 quam
447 3252 561 3314 vocant,
583 3241 658 3300 viam
679 3243 868 3314 monstrabat,
891 3243 929 3302 ad
952 3244 1066 3304 inutilia
1087 3259 1254 3309 commenta

148 3319 330 3400 confugerunt.
371 3321 448 3379 Vide
472 3343 539 3401 quoe
562 3341 601 3381 ex
623 3323 702 3382 Juba
726 3324 885 3384 Aamouius
906 3327 986 3405 apud
1009 3327 1191 3387 Priscianum
1213 3329 1252 3388 de

147 3401 225 3461 uerus
238 3403 357 3462 comicis
370 3424 401 3482 p.
418 3408 504 3464 1821.
518 3403 627 3465 retulit.
1173 3434 1175 3447 =

173 3483 198 3542 2.
214 3484 341 3564 Dipodia
354 3484 479 3544 iambica
492 3504 582 3564 quum
606 3485 678 3542 nihil
698 3484 736 3545 sit
756 3486 844 3557 aliud,
867 3507 955 3566 quarn
979 3489 1090 3568 duplex
1105 3489 1177 3549 ordo
1191 3500 1252 3550 tro·

148 3556 256 3639 chalcus,
271 3566 323 3626 sed
337 3565 526 3626 catalecticus
539 3566 598 3637 ille,
613 3578 644 3626 et
657 3570 812 3626 anacrusin
824 3569 944 3640 habens,
959 3581 1072 3629 nonest
1086 3572 1253 3643 obscurum,

149 3654 295 3706 mensuram
310 3651 373 3724 ejus
385 3648 415 3705 in
430 3648 529 3707 medio
552 3667 648 3719 versu,
671 3649 721 3707 ubi
742 3661 862 3728 propter
876 3650 1127 3712 continuationem
1141 3654 1255 3714 numeri

150 3729 263 3788 secunda
276 3731 347 3787 arsis
361 3748 420 3788 non
436 3741 481 3789 est
501 3747 618 3810 anceps,
633 3731 710 3789 hanc
724 3750 787 3790 esse
800 3731 920 3793 debere:
990 3792 992 3799 ,

210 3817 331 3910 ῦΙ-’.υΙ
346 3827 404 3911 Ι..

259 3958 307 3989 W
320 3959 343 3988 U
363 3959 411 3990 W
568 3994 570 3998 ,

100 4086 105 4103 ,Δ
152 4019 181 4079 In
192 4019 257 4097 fine,
270 4043 371 4107 versus
385 4035 494 4100 autern,
510 4026 560 4087 ubi
573 4045 682 4108 anceps
695 4026 793 4088 locum
807 4028 907 4103 habet,
928 4029 1015 4104 hanc,

292 4150 487 4187 ῦ-υ..

340 4239 473 4270 WUU

317 4287 324 4298 Δ

89 4366 92 4387 ἱ
175 4307 202 4364 3.
222 4300 263 4362 Et
290 4303 374 4373 hanc
396 4305 515 4383 quidem
536 4305 635 4385 legem
656 4317 775 4367 strenue
800 4307 991 4368 observarunt
1014 4308 1215 4387 iambographi
1238 4317 1270 4368 et

89 4404 92 4449 l
140 4383 441 4465 tragici,·anapaestum
465 4407 519 4466 pro
543 4387 641 4448 iambo
665 4408 724 4447 non
748 4389 803 4448 nisi
825 4389 855 4447 in
879 4390 996 4450 nomine
1019 4390 1147 4470 proprio,
1164 4400 1226 4448 turn
1240 4389 1271 4446 in

89 4464 92 4505 l
140 4466 229 4546 primo
242 4466 333 4546 pede,
345 4467 395 4528 ubi
408 4489 529 4532 numero
544 4471 676 4531 nondum
690 4471 808 4550 incepto
822 4471 1001 4552 comparatio
1011 4472 1186 4555 syllabarum
1197 4471 1279 4530 inter·
