2694 4866
123 291 144 348 d
527 280 607 342 LlB.
625 280 653 340 -Ι,
676 279 770 344 CAP.
790 277 849 340 111.

123 467 174 517 aut
188 473 228 516 ex
242 452 299 514 arsi
313 464 343 513 et
357 451 432 514 thesi
446 461 593 533 coustant,
606 461 640 520 ut

199 571 230 645 ,io
238 605 270 646 μ,
284 571 308 637 ὖ
319 605 343 636 υ
350 605 384 636 υ.

123 706 186 766 Sed
199 705 442 786 quemadmodum
456 704 571 784 singula
580 715 718 784 ¹tempora
738 722 801 764 sese
822 703 960 783 deinceps
974 701 1172 783 excipientis«

122 788 219 848 sarum
233 800 321 866 atque
335 785 492 847 effectuum
505 785 632 866 speciem
643 787 784 864 praebent,
795 785 836 845 ita
849 785 920 843 nihil
934 785 1063 864 impedit,
1076 784 1146 863 quin
1161 805 1172 844 ε

119 868 228 948 integri
243 869 359 929 ordines
373 868 450 927 inter
462 887 494 928 se
508 868 557 927 illo
568 867 729 927 efficientiae
738 866 855 926 vinculo
865 867 976 946 possint
987 867 1172 946 conjunctivi

119 952 212 1018 Quod
225 950 268 1024 fit,
284 969 374 1030 quum
387 949 432 1008 vis
447 968 573 1028 ea-quae
586 950 648 1008 ictu
662 949 817 1021 indicatur,
837 948 878 1007 ita
891 967 955 1007 sese
969 948 1144 1026 composuit,
1160 969 1172 1006 u

121 1033 254 1093 ficariam
268 1050 350 1090 suam
363 1030 468 1109 soepius
482 1032 587 1091 iterare
600 1030 716 1102 debeat,
737 1029 828 1090 veluti
841 1030 871 1087 iu
885 1029 967 1108 equis
980 1028 1094 1088 tolutim
1110 1029 1172 1088 incr

119 1115 200 1174 tibus
213 1113 353 1173 videmus.
395 1112 565 1192 cujusmodi
585 1111 712 1186 ordines,
735 1112 838 1191 quiex
858 1111 989 1189 eJusdem
1012 1109 1121 1169 ordinis
1137 1129 1172 1169 re

119 1196 251 1256 tionibus
277 1204 634 1267 coustant,1>naronrcos
655 1213 802 1253 vocamus.
844 1193 913 1252 Non
934 1204 1055 1272 possunt
1074 1202 1172 1251 autem

120 1289 168 1336 ter
180 1275 278 1355 plures
288 1276 404 1336 ordines
418 1295 478 1335 uno
492 1276 593 1335 ordine
607 1274 759 1353 periadico
774 1273 991 1352 comprehendi,
1003 1293 1089 1352 quam
1105 1284 1138 1332 ut
1151 1292 1172 1332 e

121 1357 162 1417 illi
177 1376 342 1417 caussarum
357 1367 444 1436 atque
464 1357 622 1418 effectuum
642 1356 799 1437 aequalitati
821 1355 952 1415 adstricti
972 1355 1039 1415 sint.
1080 1355 1172 1433 ltaqut

121 1439 180 1509 illa,
195 1458 261 1518 quae
273 1439 379 1519 sepius
392 1439 490 1517 prodit
504 1438 661 1498 efficaciam
675 1457 767 1509 suam,
782 1457 839 1497 non
854 1447 952 1516 potest
967 1437 997 1496 id
1011 1455 1069 1495 non
1083 1435 1172 1495 facero

122 1520 237 1592 eodem,
258 1519 408 1585 aut'simili
422 1520 520 1580 modo.
561 1521 663 1599 Atque
679 1519 783 1579 eodem
803 1518 891 1578 modo
910 1518 992 1589 facit,
1013 1538 1066 1597 pro
1081 1516 1172 1576 divers

122 1601 256 1661 ordinum
269 1601 443 1683 simplicium
456 1620 545 1682 supra
565 1601 705 1676 indicata,
726 1600 888 1681 repetendo
903 1599 1007 1661 eodem
1022 1598 1123 1671 ordine
1133 1597 1172 1669 sir

123 1684 161 1756 oi,
176 1695 209 1742 ut
317 1684 321 1692 ’

211 1816 217 1839 Ι
243 1816 250 1839 Ι

202 1852 269 1889 W,

125 1933 172 1993 vel

210 2047 216 2070 Ι
288 2047 295 2070 t
380 2048 386 2070 Ι
494 2047 500 2071 Ι

201 2082 257 2121 ΜΝ
280 2081 347 2121 VM>
371 2081 462 2114 νῦν
485 2082 583 2114 νυνι

121 2183 213 2243 Simili
226 2196 324 2245 autern
340 2185 439 2258 modo,
453 2205 543 2265 quum
557 2184 599 2244 vis
614 2184 779 2246 remittitur.
818 2185 892 2244 llos
913 2186 990 2245 enim
1011 2185 1127 2246 ordines
1150 2206 1172 2264 p

119 2265 177 2325 dici
191 2268 342 2347 proprium
355 2266 474 2338 habent,
490 2267 569 2347 quod
583 2265 704 2327 effectus
725 2267 812 2328 etiam
826 2267 921 2328 minor
935 2286 1037 2326 caussa
1048 2286 1102 2326 sua
1115 2287 1172 2326 esse

119 2357 177 2407 test
229 2349 306 2406 Nam
330 2367 420 2426 quum
444 2348 607 2408 efficientias
629 2349 704 2408 ratio
724 2349 781 2407 ulia
800 2349 838 2407 sit
858 2349 888 2406 in
910 2346 1058 2408 ordinibus
1079 2348 1172 2426 perior

119 2447 205 2505 quam
230 2429 260 2486 in
283 2428 404 2506 singulis
428 2428 622 2506 temporibus:
653 2429 761 2508 quippe
782 2430 812 2488 in
826 2428 946 2509 singulis
960 2429 1171 2508 temporibusu

119 2509 256 2588 quodque
277 2521 393 2588 tempus
407 2528 467 2588 pro
486 2507 593 2569 effectu
613 2510 805 2588 praecedentis
825 2522 856 2570 et
876 2531 929 2590 pro
949 2530 1051 2570 caussa
1064 2512 1172 2591 insequi

118 2601 174 2662 est,
188 2609 226 2649 ex
235 2610 300 2669 quo
314 2591 394 2669 paria
414 2609 533 2650 necesse
559 2602 603 2650 est
627 2602 760 2670 tempora
783 2611 860 2663 esse;
880 2593 909 2650 in
924 2593 1073 2652 ordinibus
1086 2595 1172 2671 perio«

117 2684 216 2731 autam
230 2671 332 2731 eadem
347 2671 394 2731 ‘vis
414 2682 506 2731 semet
526 2671 617 2750 ipsam
632 2673 739 2733 iterans
753 2674 857 2754 sepius
873 2673 906 2732 in
921 2685 1111 2753 conspectum
1120 2693 1172 2753 -pro

118 2770 299 2832 consequens
312 2765 367 2826 est,
378 2765 421 2823 ut,
436 2752 682 2833 quemadmodum
693 2755 868 2834 qumque-vis
883 2756 990 2816 remitti
1004 2766 1112 2834 potest,
1127 2755 1167 2815 ita

117 2854 236 2914 quoque
249 2836 341 2914 possit
353 2835 497 2894 remissior
511 2835 584 2907 fieri,
599 2848 629 2896 et
639 2836 761 2915 proinde
771 2836 895 2897 debilior
908 2837 980 2897 ordo
995 2856 1034 2896 ex
1044 2836 1164 2896 fortiore

116 2916 189 2977 dire.
230 2916 345 2995 Augeri
365 2927 464 2977 autern
484 2937 544 2976 non
558 2928 671 2996 potest:
693 2917 762 2997 quia
780 2919 803 2978 si
819 2931 988 2997 augeretur,
1002 2918 1059 2978 alia
1072 2917 1110 2976 ad
1125 2937 1172 2977 ean

114 2997 257 3057 accedere
271 2997 401 3069 deberet,
415 2997 494 3060 uude
504 3000 565 3078 jam
579 3018 638 3059 non
659 3000 760 3058 eadem
775 3011 916 3060 maneret.
959 3000 1131 3058 Remittitur
1143 3017 1172 3058 ar

114 3079 157 3137 vis
173 3079 201 3136 in
217 3079 365 3138 ordinibus
380 3080 411 3138 in
424 3079 486 3158 ipsa
501 3081 557 3139 arsi
578 3080 803 3141 consistentibus
823 3083 874 3155 its,
896 3092 929 3141 ut
948 3082 1029 3161 prior
1049 3081 1121 3141 arsis
1141 3081 1171 3141 fo

114 3179 187 3233 rem,
200 3161 344 3240 posterior
358 3160 527 3221 debiliorem
541 3161 632 3230 ictum
646 3161 763 3235 habeat,

191 3269 264 3348 tta

113 3409 143 3468 in
164 3408 198 3469 iis
213 3428 284 3468 vero
303 3408 463 3483 ordinibus,
479 3409 509 3470 in
529 3409 637 3491 quibus
651 3410 741 3472 thesis
755 3410 883 3493 accedit,
896 3411 984 3493 hujus
998 3410 1029 3471 id
1042 3411 1172 3494 magnitu

112 3490 461 3565 minuendaefficitur,-ut

193 3606 387 3681 όυυόυό,

110 3740 156 3803 vel
259 3742 265 3753 ¹

192 3921 234 3983 ..in
242 3955 266 3986 υ
275 3955 321 3986 W
329 3899 371 3983 uii-
380 3954 404 3985 U
411 3953 435 3984 υ
442 3900 484 3982 ,Ξ-
491 3955 526 3991 υς

112 4051 239 4112 Ordines
248 4053 412 4133 periodicos
425 4051 548 4132 posthoc
561 4052 603 4112 ita
619 4053 858 4135 significabimus,
880 4068 913 4116 ut
927 4055 1049 4135 primam
1063 4065 1172 4118 tantun

110 4134 156 4194 sin
168 4133 252 4215 apice
264 4134 409 4210 notemus,
422 4152 513 4213 quum
526 4134 669 4197 rationem
682 4138 794 4216 preivit
807 4138 968 4215 Bentleius,
976 4134 1015 4199 'bt

188 4247 641 4317 va-wJ-uv—vv

189 4381 239 4447 idi
251 4411 276 4444 rs
290 4334 318 4444 ri
332 4383 481 4468 ψιθῦςισμα
493 4391 539 4450 usi
551 4388 570 4448 oi
583 4389 668 4458 πίτυς.
743 4428 755 4448 a
