2694 4866
111 297 169 388 aa
352 366 358 379 ,
492 288 573 353 um.
593 288 634 350 11.
655 289 750 352 cur.
770 289 855 352 xxa

187 499 204 573 ἦ
218 504 329 568 σοθιινὶς
343 501 432 579 φίλοις,

191 581 325 653 {robaria
341 585 447 653 Θήβαις.

110 699 188 758 Nam
202 696 324 756 Seidleri
344 695 560 776 dispositionem
574 696 662 772 hujus
681 658 823 791 carminis.
836 713 867 773 p.
886 697 956 757 363.
976 713 1058 793 sagq.
1078 716 1139 759 uon
1158 706 1231 795 puto'

38 898 40 902 Ι
110 797 307 921 ἰνξτῧηῐιθεεὲῖ..
329 779 489 922 ἅῖιειτὲιῗ
509 775 547 837 ad
569 776 650 837 hunc
671 776 792 837 Molossi
816 775 1023 856 usumreiem
1038 776 1223 867 daberarlind

189 973 209 1036 ἆ
221 973 243 1037 οἶ
255 974 375 1058 σῦμγγις
385 973 454 1042 ‘o'rrar
465 973 548 1046 moad,

189 1062 263 1128 ὄλιῒς,
277 1063 297 1117 ti
310 1056 431 1138 βλὲφαςι
444 1058 553 1128 κινήσεις,

110 1189 204 1249 neque
227 1189 245 1228 a
268 1168 397 1231 Bacchio
419 1169 467 1229 hic
489 1169 527 1230 ad
550 1169 717 1229 dochminm
738 1168 861 1238 transui
887 1170 939 1229 sed
962 1169 1091 1250 incipere
1116 1192 1220 1233 versum

111 1251 256 1320 dochmio,
268 1254 328 1330 yam
341 1270 430 1330 supra
442 1251 584 1311 monitum
598 1263 651 1312 est.
693 1249 1095 1345 Eodempertinet‘AEschyli
1107 1253 1221 1345 locasin

113 1335 194 1412 Sept.
215 1334 254 1392 ad
274 1331 368 1393 Theb.
390 1335 458 1395 363.
479 1337 549 1395 364.
569 1333 607 1393 de
628 1351 686 1412 quo
706 1350 794 1411 supra
813 1333 991 1411 disputatum
1004 1345 1050 1393 est
1069 1355 1099 1413 p.
1113 1338 1182 1398 333.
1198 1343 1229 1392 et.

109 1413 259 1493 Euripidis
272 1412 301 1471 in
316 1412 443 1473 Bacchis
459 1419 546 1475 1036.
560 1413 662 1474 itidem
682 1432 770 1492 supra
787 1434 819 1493 p.
830 1417 902 1491 339.
915 1427 1170 1492 commemoratus,
1180 1413 1220 1475 uhi

112 1494 226 1555 duobus
239 1493 403 1573 antispastis
423 1494 540 1555 additus
557 1508 588 1556 et
602 1495 767 1555 Molossus:

191 1631 203 1687 ὅ
218 1627 344 1698 Διᾶνυσος,
358 1630 369 1687 o‘
385 1625 509 1697 Asiroror,
524 1631 552 1688 οὗ
565 1634 660 1698 (ditias.

153 1771 201 1827 36.
223 1765 354 1827 Maxime
378 1763 503 1844 denique
517 1762 710 1824 memorabilis
724 1774 768 1822 est
783 1761 920 1843 dactylici
933 1764 1047 1823 numeri
1062 1785 1129 1824 cum
1142 1765 1220 1825 doch·

111 1846 175 1906 ruiis
188 1847 375 1916 consociatio,
397 1865 461 1924 quae
475 1856 508 1905 ut
521 1845 677 1925 plurimum
691 1845 766 1904 hanc
780 1845 876 1923 legem
889 1845 988 1918 habet,
1010 1856 1052 1917 ut,
1068 1847 1118 1925 qui
1131 1847 1219 1926 dacty-

111 1930 172 1988 lum
185 1928 315 2006 scquitur
329 1926 490 2000 dochmius,
505 1928 566 2007 ipse
580 1947 598 1986 a
611 1926 729 2006 dactylo
748 1925 878 2005 incipiat.

192 2111 233 2123 ..
242 2095 267 2127 υ
274 2095 297 2127 υ
306 2062 312 2145 Ι
321 2113 362 2124 ..
369 2062 393 2127 ό
401 2097 425 2127 υ
435 2061 476 2123 .’.
483 2089 502 2126 a
510 2061 551 2123 L

112 2194 269 2275 AEschylus
285 2195 365 2276 Sept.
379 2195 417 2255 ad
431 2196 525 2256 Theb.
541 2197 611 2260 337.
632 2199 704 2256 331.
756 2176 769 2183 “

192 2313 327 2391 ἁπᾶμινον
340 2319 405 2394 vagi
419 2311 491 2390 help.

192 2399 364 2474 apaperaeyotrr'r‘r
378 2397 482 2467 νεφιλίἶν
506 2396 581 2474 agad.

113 2524 202 2583 Plura
221 2522 287 2581 vide
307 2521 386 2601 apud
406 2523 567 2582 Seidlerum
588 2543 617 2601 p.
641 2527 707 2586 145.
733 2543 813 2603 seqq.
835 2525 885 2602 qui
905 2521 1023 2601 quidem
1042 2525 1097 2584 etsi
1116 2546 1147 2604 p.
1159 2528 1223 2585 -151.

113 2614 194 2663 recte
208 2603 369 2675 contendit,
390 2623 448 2663 non
463 2623 577 2684 semper
591 2604 757 2663 dochminm
773 2606 892 2665 istuma
911 2605 1029 2682 dactylo
1048 2605 1185 2684 incipere,
1197 2615 1224 2663 at

112 2705 169 2764 ego
183 2683 212 2743 in
223 2685 391 2764 praefatione
405 2685 442 2744 ad
464 2685 611 2765 Euripidis
626 2687 717 2745 Herc.
735 2687 793 2745 fur.
807 2707 836 2765 p.
852 2689 880 2749 7.
895 2685 1038 2757 dixeram,
1058 2697 1156 2746 tamen
1175 2686 1224 2766 pla·

115 2768 196 2846 rique
210 2767 279 2839 loci,
299 2768 404 2846 quibus
417 2767 455 2827 ad
475 2766 551 2826 hanc
573 2787 634 2826 rem
656 2767 757 2841 utitur,
780 2766 866 2826 alieni
881 2775 957 2826 sunt.
998 2767 1106 2828 Dicam
1126 2769 1164 2831 da
1176 2768 1223 2828 aiu·

113 2848 202 2928 gulia·
238 2848 398 2928 Sophocles
413 2849 484 2908 OEd.
499 2849 538 2909 R.
551 2854 622 2910 661.
641 2854 712 2910 690.
926 2852 932 2863 ’

192 2982 247 3039 Solo
260 2980 462 3062 arpo'yoar‘'Ahror,
477 2982 529 3041 s'ml
540 2981 613 3049 ἔθεος
628 2980 731 3056 ἔφιλος.
825 3018 828 3024 ·

194 3058 270 3132 ἅπαξ
289 3062 369 3137 μένον,
383 3060 437 3120 ἴσθι
451 3059 477 3121 δὲ
491 3066 675 3144 παςαφςὸημον
695 3063 795 3145 ἔπορον.

35 3271 38 3276 ι
116 3194 158 3251 At
172 3191 242 3271 quid
256 3191 384 3271 impedit,
400 3193 598 3334 quinprimam
611 3206 722 3274 partem
737 3197 823 3274 hujus
837 3213 937 3254 versus
950 3194 1117 3256 dochminm
1130 3194 1225 3276 potius,

116 3290 212 3353 quam,
228 3285 260 3332 ut
273 3274 328 3354 ipsi
341 3273 447 3354 placet,
490 3274 644 3355 actylicam
662 3296 730 3336 cum
752 3275 876 3335 iambica
889 3277 1022 3336 anacrusi
1036 3296 1099 3338 esse
1122 3295 1224 3341 censae

115 3373 190 3424 mua,
211 3354 371 3434 praesertim
392 3376 482 3436 quum
503 3368 534 3418 ct
554 3357 695 3418 iambicus
715 3357 959 3436 ischiorrhogicus
973 3359 1162 3437 praecesserit,
1180 3375 1247 3416 nac-

115 3435 272 3517 quidquam
285 3437 315 3495 in
326 3448 389 3497 tota
401 3439 521 3518 stropha
535 3438 675 3499 indicium
688 3439 776 3499 iaciat
790 3439 904 3499 numeri
914 3438 1075 3518 dactylici?
1116 3438 1228 3501 Philoct.

193 3636 322 3712 csroro'yooa
334 3636 436 3714 plasto,-
458 3638 533 3699 rro'htr
547 3634 648 3705 {archoo
654 3668 663 3709 3
1260 3648 1263 3695 1

274 3716 319 3775 εἴθ’
340 3718 435 3799 affligor
449 3719 510 3780 ἕνα.

196 3795 302 3878 κρυπτά
315 3798 340 3856 τ’
351 3796 396 3862 ἰ’πη
412 3795 514 3880 δολιςίῐς
532 3799 610 3862 latio
624 3799 714 3882 φςινίς·

276 3876 374 3955 ἰδοίμαν
387 3876 414 3936 δέ
432 3905 473 3938 m.

118 3991 160 4048 At
173 3989 251 4048 aliud
265 4003 319 4063 est,
335 3991 473 4072 conjungi
494 3992 567 4052 duos
587 4014 724 4055 numeros
744 3995 774 4054 in
795 4015 895 4068 unum,
917 3996 1008 4071 aliud,
1020 3996 1145 4058 alterum
1157 3992 1228 4058 alteri
1260 3986 1263 4005 ¹

117 4070 226 4147 absque
239 4089 275 4128 ea
289 4072 497 4152 conjunctione
519 4075 690 4135 consociari.
732 4078 809 4136 Nam
833 4089 1002 4138 tetrameter
1014 4078 1064 4139 hic
1077 4079 1227 4159 dactylicus

118 4168 177 4213 nou
187 4151 279 4227 magis
289 4170 357 4211 cum
370 4165 511 4234 sequente
521 4154 665 4224 decumis,
682 4176 769 4236 qnam
779 4159 836 4229 ille,
853 4179 940 4238 quem
949 4179 1037 4245 supra
1045 4160 1191 4224 attulimus
1199 4174 1230 4220 cx

120 4230 221 4292 eadem
230 4229 337 4304 fabula,
353 4253 421 4295 cum
434 4235 560 4295 iambico
575 4236 803 4318 ischiorrhogico
818 4241 956 4302 cohaeret:

191 4344 269 4409 ’Ἴων’
282 4344 366 4419 dibus
380 4326 561 4428 dhaeirs'iam
573 4352 597 4413 δ’
611 4355 717 4435 ἀλγίω·
