2694 4866
110 258 151 316 ιο
530 248 612 311 LIB.
631 247 657 309 Ι.
677 247 771 312 CAP.
792 250 830 310 tt

109 420 230 492 habent,
257 415 476 478 dumelidendi
498 418 702 479 necessitatem
726 417 946 499 diligentissime
970 421 1138 499 observant,
1162 444 1232 507 seps

110 502 234 572 faciunt,
256 500 335 580 quod
347 499 397 558 vix
411 498 562 579 quisquam
577 503 728 561 Romanus
741 501 839 562 facere
861 521 947 562 ausus
966 515 1053 580 esset.
1095 502 1233 574 Quoniam

111 583 190 655 enim
204 583 265 641 istae
279 601 378 641 omnes
392 600 454 642 non
467 592 528 643 tam
542 582 686 655 elisiones,
709 601 796 662 quam
805 590 988 659 συναφωιέηις
1002 597 1080 659 sunt,
1102 591 1235 650 curabant

113 677 236 731 veteres.
258 675 290 723 ut
314 683 350 725 ea
369 675 483 723 tantum
498 667 755 742 conjungerentur,
778 684 843 743 quae
857 667 1010 727 commode
1026 679 1056 728 et
1070 687 1139 738 cum
1152 671 1234 730 suari·

68 750 71 755 ’
104 757 176 806 'tate
191 744 314 825 quadam
328 744 576 825 pronunciationis
590 746 713 806 coirent.
747 747 829 807 Hinc
837 746 959 820 facturn,
973 759 1006 807 ut
1016 749 1120 827 longas
1128 753 1234 812 vocales

113 827 176 887 fere
189 827 230 886 ibi
244 837 356 886 tantum
370 827 500 906 placeret
514 827 633 900 elidere,
655 827 705 888 ubi
719 826 749 885 in
761 827 903 907 syllabam
916 829 963 889 vel
977 841 1082 890 natura
1099 834 1148 892 vel
1167 833 1234 914 posi·

115 909 195 969 tione
216 909 333 988 longam
357 909 568 987 reciperentur,
596 928 655 967 non
676 907 773 982 etiam,
798 909 848 969 ubi
867 911 948 970 brevi
969 911 1081 990 syllaba
1103 926 1233 996 sequente

115 1008 232 1072 prorsus
245 991 382 1070 periturae
396 1000 501 1050 essent.
541 989 647 1069 Itaque
661 988 691 1048 in
703 989 759 1062 his,

185 1091 318 1157 lamentis,
333 1089 494 1161 gemituque,
511 1099 539 1145 et
550 1089 665 1145 femineo
676 1089 790 1148 ululatu.

183 1163 277 1216 insulae
289 1163 367 1216 Ionio
378 1161 407 1215 in
419 1178 524 1232 magno,
1190 1236 1195 1243 .
1267 1213 1268 1217 ,

53 1293 55 1299 ·
115 1261 230 1310 tantum
244 1249 336 1319 abest,
358 1258 392 1308 ut
411 1248 558 1327 neglectio
578 1248 704 1308 elisionis
724 1248 850 1309 licentiae
864 1250 980 1312 cuidam
993 1251 1147 1327 debeatur,
1161 1267 1234 1316 utne
1267 1280 1268 1300 ι

116 1330 231 1391 admitti
252 1330 370 1409 quidem
389 1329 472 1389 elisio
495 1341 576 1391 recte
599 1329 739 1411 potuerit.
781 1332 841 1392 Sed
861 1332 891 1390 iu
912 1333 967 1406 his,
988 1335 1072 1394 Ionio
1096 1337 1138 1412 in,
1163 1347 1234 1397 recte

116 1413 196 1472 facta
216 1423 260 1472 est
283 1410 375 1482 elisio,
404 1432 494 1491 quum
519 1412 658 1472 consistet
677 1423 707 1473 et
730 1415 894 1492 requiescat
907 1433 966 1474 vox
980 1414 1010 1472 in
1023 1416 1114 1496 longa
1126 1419 1234 1497 syllaba

116 1493 230 1552 Eadem
253 1493 405 1572 elegantiae
428 1494 590 1554 observatio
612 1495 742 1556 cernitur
761 1496 791 1553 in
812 1496 904 1568 hiatu,
926 1515 1013 1574 quem
1026 1499 1124 1558 brevis
1137 1501 1240 1580 syllaba

114 1575 196 1648 facit,
217 1576 297 1655 quod
310 1594 403 1654 genus
416 1576 591 1634 rarissimum
606 1588 660 1647 est,
682 1590 715 1637 ut
729 1578 807 1658 apud
821 1577 975 1656 Virgilium
991 1580 1060 1640 AEn.
1075 1582 1099 1641 Ι.
1114 1587 1184 1644 405.

190 1685 217 1730 et
227 1693 290 1730 vera
300 1675 407 1731 incessu
418 1676 505 1747 patuit
516 1675 578 1730 dea:
598 1676 646 1732 ille
657 1677 697 1732 uti
709 1689 829 1736 matrem.

118 1761 264 1822 Est'enim
278 1762 326 1821 hic
339 1761 435 1821 hiatus
456 1772 486 1821 et
500 1761 529 1819 in
543 1774 647 1841 quarto
661 1764 747 1842 pede,
769 1776 799 1824 et
813 1764 844 1821 in
857 1781 947 1844 pausa
961 1783 998 1822 ex
1008 1763 1236 1844 interpunctione

118 1855 195 1921 nata.
238 1843 353 1903 Eodem
375 1842 474 1916 modo,
498 1862 588 1923 quum
610 1844 801 1904 detrectarint
824 1848 919 1923 poe'tae
939 1845 1071 1905 vocalem
1083 1848 1200 1906 brevem
1212 1847 1237 1904 in
1266 1904 1268 1913 ,

117 1925 175 1985 fine
189 1925 323 1985 vocabuli
336 1934 405 1984 ante
418 1945 456 1996 rc,
477 1945 520 2004 sp,
541 1935 567 1984 st
582 1926 738 2006 corripere,
760 1926 797 1986 de
812 1945 870 2005 qua
882 1945 914 1985 re
934 1926 1059 1986 videnda
1079 1941 1158 2000 sunt,
1179 1946 1237 2007 qua
1266 1918 1268 1927 ¹

118 2007 300 2067 Gaisfordius
315 2026 353 2066 ex
368 2006 546 2065 Terentiano
560 2007 668 2067 Mauro
682 2019 713 2068 et
734 2007 822 2067 docta
842 2007 1029 2086 Zinzerlingii
1049 2007 1237 2088 disputatione

117 2089 216 2148 attulit
235 2090 273 2149 ad
294 2088 447 2169 Hephaest.
469 2109 499 2169 p.
521 2091 591 2150 209.
615 2109 695 2170 seqq.
717 2100 816 2150 tamen
838 2087 977 2168 Virgilius
1000 2089 1071 2150 AEn.
1088 2090 1151 2164 XI,
1175 2096 1237 2154 309.

108 2172 242 2252 scripsit,

187 2291 260 2345 spem
272 2272 294 2326 si
306 2290 384 2344 quam
396 2271 487 2327 accitis
498 2269 625 2326 AEtolum
636 2271 765 2329 habuistis
775 2271 804 2326 in
816 2269 904 2337 armis,

188 2345 297 2416 ponite:
317 2361 378 2415 spes
390 2343 439 2398 sibi
451 2342 570 2414 quisque.

117 2431 336 2493 excusationem
349 2429 474 2506 aliquam
485 2428 522 2486 ab
536 2428 771 2506 interpunctione
784 2428 927 2490 accedere
937 2428 1112 2508 intelligens.
1153 2428 1237 2490 Deni-

118 2533 176 2594 que
196 2530 255 2570 non
269 2520 314 2568 est
326 2507 530 2588 praetereunda
542 2506 680 2587 synizesis
694 2511 724 2567 in
737 2512 842 2571 litteris
851 2533 871 2570 u
884 2520 915 2571 et
928 2510 941 2570 i
958 2511 1107 2571 interdum
1128 2511 1238 2572 etiams

118 2591 283 2655 clarissimis
296 2590 390 2671 poe'tis
405 2600 551 2668 usurpata,
573 2601 607 2648 ut
620 2611 710 2669 quum
724 2595 816 2653 tenuis
830 2594 985 2663 trochaeus,
1007 2591 1246 2674 abietedactylus,
1265 2610 1268 2675 ᾗ

119 2687 172 2745 est,
195 2693 260 2755 quae
272 2671 392 2732 minime
411 2690 477 2730 rara
496 2682 575 2743 sunt,
596 2683 647 2730 ant
669 2692 759 2751 quum
779 2673 915 2735 connubio
935 2673 1093 2732 molossum
1105 2676 1187 2746 facit,
1209 2682 1236 2731 ut
1265 2692 1268 2739 ε

119 2758 197 2838 apud
212 2757 293 2834 Virg.
308 2755 378 2814 AEn.
399 2755 424 2813 1.
441 2755 491 2817 73.
504 2753 554 2811 ubi
573 2763 650 2811 errat
666 2754 792 2815 Servius.
835 2755 885 2815 Sic
898 2753 1043 2819 canalium
1063 2758 1236 2838 trisyllabum
1265 2772 1268 2793 ¹

115 2852 160 2900 est
173 2838 251 2918 apud
266 2835 424 2896 Horatium
438 2836 535 2895 Carm.
550 2835 606 2894 ΙΙΙ.
621 2839 651 2905 4,
666 2841 715 2896 41.
876 2837 882 2861 ¹
1265 2862 1268 2869 ·

184 2959 233 2995 vos
244 2938 306 2992 lene
318 2935 455 2991 consilium
468 2945 496 2990 et
508 2935 576 2989 datis
589 2945 616 2989 et
625 2935 689 2990 dato

184 3009 303 3082 gaudetis
314 3007 399 3061 almae.

121 3168 125 3177 Ι
157 3102 208 3158 05.
229 3093 387 3173 Antiquior
399 3093 449 3152 illa
466 3095 619 3173 pob'tarum
632 3093 815 3155 scenicorum
825 3095 971 3174 prosodia,
996 3114 1053 3174 qua
1067 3095 1155 3155 etiam
1169 3091 1235 3176 epici
1263 3094 1268 3103 ”

20 3182 21 3187 ’
117 3181 148 3238 in
161 3176 302 3239 Saturniis
312 3174 441 3233 versibus
452 3168 618 3247 ritebantur,
632 3195 817 3236 communem
825 3187 949 3256 sequuta
962 3178 1233 3256 pronunciationem.

32 3332 36 3337 .
116 3259 244 3320 maxima
254 3276 292 3316 ex
301 3267 385 3336 parte
394 3269 519 3315 accentu
528 3257 693 3335 regebatur,
712 3257 1000 3338 neglectapositione
1008 3244 1232 3327 consonantium,

115 3340 263 3402 interdum
284 3340 371 3397 etiam
395 3336 549 3397 imminuto
569 3338 699 3417 pondere
713 3340 866 3417 longarum
880 3340 1032 3411 vocalium,
1053 3341 1232 3418 pluribusque

116 3422 233 3506 syllabis
247 3421 277 3478 in
291 3439 378 3478 unam
389 3419 556 3479 contractis.
585 3419 674 3480 Hanc
688 3423 737 3500 qui
745 3421 913 3499 diligentius
925 3421 1124 3500 pervestigare
1134 3422 1232 3490 volent,

118 3526 183 3586 quae
196 3523 243 3564 res
256 3520 315 3573 non
330 3510 427 3581 potest
439 3517 458 3558 a
472 3499 569 3559 Plauti
579 3501 679 3574 totius,
694 3503 883 3582 Terentiique
891 3503 1096 3564 emendatione
1106 3499 1233 3584 separari,

13 3620 16 3625 ·
116 3607 168 3648 eos
180 3585 246 3645 haec
258 3582 438 3664 potissimum
449 3600 551 3641 curare
562 3584 719 3662 oportebit.

158 3673 207 3730 26.
225 3665 324 3733 Primo
333 3662 370 3724 de
379 3661 505 3723 accentu
512 3662 620 3742 linguae
630 3665 744 3747 Latinae
753 3663 941 3745 quaerendum
956 3664 1021 3738 erit,
1033 3665 1070 3727 de
1084 3686 1144 3745 quo
1154 3657 1233 3746 quum

115 3762 228 3810 veteres
241 3766 298 3807 nec
312 3747 404 3824 plene
423 3765 519 3824 neque
533 3758 671 3806 accurate
684 3748 883 3826 exposuerint,
904 3766 963 3805 non
977 3746 1065 3806 modo
1081 3743 1236 3828 colligenda

116 3841 213 3903 erunt,
234 3848 300 3908 quae
313 3827 391 3905 apud
404 3827 460 3885 hos
471 3827 601 3906 dispersa
612 3829 809 3906 reperiuntur,
829 3827 881 3887 sed
891 3828 1048 3886 videndum
1059 3831 1158 3899 etiam,
1173 3821 1233 3907 qnid

116 3912 170 3991 ipsi
184 3931 223 3970 ex
236 3912 390 3988 poetarum
404 3927 459 3965 usu
473 3927 575 3967 eruere
588 3909 741 3988 possimus,
756 3910 919 3990 cujusmodi
932 3929 991 3967 non
1004 3928 1099 3988 pauca
1114 3904 1233 3970 Bentlei-

116 4012 162 4064 us,
183 4010 241 4070 qua
253 4002 315 4051 erat
328 3988 496 4068 sagacitate,
519 3987 719 4067 deprehendit.
761 3991 873 4049 Mirum
887 4002 931 4050 est
945 4001 1054 4065 autem,
1069 4010 1133 4051 esse
1147 3990 1235 4049 inboc

117 4091 225 4156 genere
238 4071 381 4150 quaedam,
403 4088 468 4149 quae
481 4070 634 4148 praeceptis
648 4083 779 4130 veterum
799 4083 974 4152 repugnent,
995 4083 1028 4130 ut
1052 4073 1234 4151 quaerendum
1261 4130 1268 4145 Δ

117 4157 166 4226 sit,
187 4163 285 4211 utrum
299 4153 329 4210 in
342 4151 387 4210 his
400 4151 507 4229 linguae
520 4169 604 4209 usum
618 4153 733 4230 sequuti
747 4153 804 4212 sint
818 4157 924 4232 poiitae,
949 4174 985 4213 an
1000 4153 1085 4212 aliam
1099 4155 1236 4214 rationem
1254 4146 1268 4225 ³,

116 4233 320 4316 spectaverint.
341 4268 343 4274 ,
361 4233 409 4292 Ita
421 4250 511 4311 quum
526 4232 663 4291 traditum
677 4234 714 4296 ait
728 4235 911 4314 abantiquis,
926 4247 1080 4296 accentum
1095 4256 1155 4295 non
1168 4235 1237 4294 ultra
1256 4232 1268 4301 1

119 4316 234 4379 tertiam
248 4332 266 4374 a
279 4316 336 4373 line
349 4315 489 4394 syllabam
503 4313 594 4392 rejici,
616 4326 714 4375 tamen
728 4316 758 4374 in
772 4317 920 4393 vocabulis
932 4330 991 4379 tres
1004 4318 1107 4379 breves
1115 4317 1236 4397 syllabas
1256 4334 1268 4389 ι

1253 4404 1268 4507 l.
