2694 4866
181 273 241 336 DE
262 269 458 337 Inumcls
479 264 719 332 TRIMETRIS
741 268 1050 335 acaunus-:cum
1144 274 1186 340 73

75 463 117 505 sm
132 463 229 517 unam,
249 443 291 505 ita
304 442 392 502 etiam
414 460 501 501 unam
523 458 626 499 vocem
650 437 765 498 efficere
787 439 955 500 rideantur·
992 441 1042 501 De
1066 442 1180 504 caeterir

75 547 108 586 >n
133 524 255 586 accedo.
295 525 390 583 Miror
414 523 501 593 enim,
524 521 594 600 quid
617 520 665 595 sit,
686 520 766 599 quod
787 520 945 595 Porsonus,
967 540 1058 601 quum
1072 523 1179 586 inistis

75 607 192 690 templis
209 607 271 665 fere
294 605 427 685 omnibus
452 623 553 663 sensus
577 620 718 662 caesuram
741 601 820 661 illam
840 606 1007 696 ἑφθημμιςῦ,
1031 603 1078 663 vel
1091 605 1181 666 etiam

75 709 125 760 un,
147 708 213 768 quae
233 688 263 745 in
284 687 343 747 fine
357 687 446 746 ¹tertii
467 684 550 764 pedis
571 695 625 758 est,
648 683 760 756 offerat,
788 682 827 742 ad
848 701 898 742 eas
921 683 1077 745 incisiones
1098 686 1181 748 nullo
1237 716 1241 721 ¹

75 769 140 829 odo
161 768 336 830 attenderit:
357 768 437 848 quod
458 766 507 826 ille
530 766 555 825 si
574 765 700 832 fecisset,
723 764 857 844 profecto
881 776 913 825 et
933 763 1076 824 rationem
1093 766 1180 828 intel·
1242 797 1245 801 ·

76 851 170 911 sisset
192 851 280 930 hujus
305 849 358 924 rei,
378 849 523 927 simulque
543 846 599 906 alia
613 845 746 925 quasdam
761 845 906 924 exempla,
927 864 992 925 quae
1006 846 1182 927 corrigenda

75 943 144 1004 atat,
165 950 237 992 sana
255 951 329 1001 esse,
350 931 406 990 alia
425 941 524 989 autem
537 928 629 988 multo
650 927 780 987 faciliore
794 939 825 986 et
845 927 958 1006 aptiore
977 926 1025 988 via
1040 930 1179 1005 excusari

75 1033 135 1073 isse
149 1013 276 1074 vidisset.
318 1011 395 1073 Nam
408 1031 498 1090 quum
513 1009 637 1069 admissa
650 1008 710 1080 illa,
730 1028 818 1088 quam
831 1007 969 1081 diximus,
990 1028 1112 1083 caesura,
1131 1030 1178 1071 re·

75 1115 129 1175 qua
152 1115 253 1154 versus
274 1113 351 1174 pars,
373 1104 506 1171 utsupra
521 1090 681 1150 indicatum
696 1101 751 1162 est,
772 1091 904 1170 ineptum
918 1089 1094 1170 minimeque
1107 1110 1179 1153 con.

75 1176 216 1238 amentem
226 1174 405 1256 praecedenti
417 1192 572 1233 numerum
585 1172 702 1246 habeat,
723 1172 747 1232 si
761 1171 810 1232 ille
823 1171 867 1233 sic
880 1171 1085 1247 constituatur,

130 1311 343 1375 .’..υ-υ...
370 1307 416 1368 Vel
443 1306 684 1372 ussv-v...

129 1427 184 1499 ἥκω
206 1433 289 1510 rupis
301 1430 435 1504 κινθμόνα
451 1422 459 1507 Ι
475 1430 521 1486 aas)
533 1424 623 1486 caim
637 1423 736 1497 πῦλιις,

75 1562 167 1603 insere
191 1543 250 1601 hoc
273 1540 378 1620 tragici
400 1541 527 1621 ideoque
547 1540 578 1598 in
592 1538 796 1601 duosordines
810 1557 876 1601 eam
885 1556 986 1601 versus
999 1551 1113 1621 partem
1123 1540 1189 1603 dis·

75 1625 145 1705 agui
158 1625 333 1694 maluerunt,

129 1805 354 1889 Lol-Lo..
381 1806 429 1866 vel
459 1795 708 1890 o‘LclLo-

75 1920 98 1980 ui
121 1923 237 2000 gravior
251 1934 305 1994 est,
326 1922 479 2002 aptiorque
487 1942 635 1983 numerus.
676 1921 779 2001 anue
793 1940 897 1982 caussa
909 1931 990 1982 recte
996 1921 1176 2002 judicarunt,
1206 1963 1208 1965 -
1240 1920 1241 1924 ’

75 2023 82 2062 ι
94 2005 190 2083 priore
205 2005 260 2064 isto
270 2003 401 2064 trochaeo
414 2004 504 2084 longa
517 2004 629 2085 syllaba
638 2004 788 2063 terminari
801 2003 978 2065 vocabulum
990 2022 1085 2084 posse.
1215 2000 1218 2005 ’

126 2137 280 2217 mampsis,
301 2139 442 2217 iymris‘pstr·
458 2138 472 2222 ΙΙ
485 2143 547 2212 ipsi
563 2138 570 2219 Ι
587 2165 641 2216 μοι,
655 2137 735 2220 pigot.

126 2219 208 2282 inan
217 2219 272 2302 peip
286 2220 325 2297 μ’,
345 2219 446 2292 i'asnrn,
463 2221 468 2302 Ι
487 2221 506 2300 q'i
514 2246 559 2296 μοι
598 2246 643 2297 μοι
650 2225 745 2279 mis.

127 2301 300 2384 πζοσὲςχσται
314 2299 365 2361 rii·
381 2301 467 2375 ἰγγῦς·
479 2302 484 2385 Ι
498 2300 563 2379 tipus
603 2328 647 2379 μοι
656 2300 787 2368 ssime

125 2388 184 2448 πῦς
195 2388 253 2464 φῇςς
276 2382 320 2442 rir'
335 2381 408 2450 ιῖπας
421 2388 515 2460 power,-
541 2381 553 2464 ΙΙ
568 2379 645 2451 aiis.
663 2380 670 2465 Ι
685 2409 730 2460 μοι
746 2379 850 2465 mpsim.

125 2463 181 2525 a‘li'
190 2462 276 2524 ’ἐνθάδ’
285 2462 351 2541 εἶχον
361 2464 458 2538 ὦγάθ’,
475 2464 489 2547 ΙΙ
502 2464 608 2525 dunel,
624 2462 631 2546 Ι
647 2492 710 2543 μου,
720 2463 817 2546 ποίης.

125 2543 172 2607 's'w
182 2550 270 2626 φςινόν
281 2547 401 2618 liparea,
424 2545 430 2626 Ι
453 2548 532 2607 xu'io
549 2547 555 2626 Ι
574 2573 604 2606 m
614 2547 694 2625 λέγῃ.

126 2629 158 2687 τί
168 2626 308 2708 sapienia
320 2625 352 2686 ias
369 2628 401 2696 ir,
426 2627 432 2710 Ι
454 2628 502 2702 ἔξᾶν
515 2625 527 2731 Ι
544 2654 580 2688 σοι
594 2626 693 2706 γάμου.

127 2705 213 2777 lilasi
230 2711 334 2769 ἔτιιτῦν
347 2655 422 2789 rigi,
453 2708 583 2791 Ιὶγυςτης
600 2706 607 2790 Ι
624 2736 662 2776 τις
675 2707 777 2792 scirpis.

126 2787 263 2872 'ipevpnson
284 2787 419 2862 timuistis·
435 2788 440 2874 Ι
463 2793 537 2864 xriyoi
554 2789 561 2873 Ι
578 2792 620 2851 τοί
630 2815 701 2851 ross·

75 2933 123 2988 tuae
145 2921 284 2999 leguntur
306 2922 337 2980 in
359 2920 488 2982 Hecuba
501 2927 571 2985 511.
585 2922 655 2983 OEd.
671 2915 821 2984 0012976.
862 2918 989 2982 Philoct.
1002 2920 1073 2986 787.
1114 2920 1178 2981 He·

75 3023 117 3063 rna
128 3006 197 3066 478.
229 3003 302 3062 lone
315 3007 387 3063 633.
415 3006 524 3082 Agam.
540 3009 629 3066 1061.
646 2999 1033 3073 sammarthanus.
1049 3001 1177 3063 Philoct.

75 3089 121 3147 01.
161 3082 301 3164 Ejusdem
314 3084 394 3144 modi
407 3096 476 3144 sunt
488 3096 601 3164 septem
615 3084 672 3144 alia
682 3083 828 3162 exempla,
849 3102 915 3161 quae
928 3081 1076 3143 Porsonus
1086 3103 1118 3162 p.
1129 3087 1179 3145 33.

75 3164 142 3238 lert,
162 3166 223 3224 duo
236 3186 265 3245 p.
279 3170 329 3226 36.
349 3166 405 3225 tria
426 3187 456 3249 p.
482 3169 530 3231 37.
557 3165 654 3226 allata.
695 3164 809 3232 Quibus
833 3163 902 3223 addi
922 3173 1060 3243 poterunt
1083 3163 1181 3245 lphig.

75 3242 141 3308 faur.
155 3250 227 3310 942.
246 3247 446 3311 Heracl.5l7·
468 3247 557 3318 Quod
571 3248 594 3307 si
608 3265 667 3326 quo
681 3247 712 3307 in
724 3265 810 3306 versu
823 3255 941 3306 nonest
955 3263 1067 3306 casura
1076 3245 1107 3304 in
1120 3243 1181 3306 fine

75 3328 128 3387 nni
140 3326 225 3408 pedis
237 3328 283 3387 vel
297 3328 394 3388 medio
420 3341 525 3408 quarto
544 3329 633 3408 pede,
653 3339 783 3408 apparet,
805 3326 986 3386 durissimam
1008 3345 1072 3388 esse
1095 3327 1181 3386 istam

181 3409 297 3469 finalem
311 3409 341 3468 in
355 3409 452 3469 medio
467 3411 570 3492 quinto
584 3409 670 3491 pede,
691 3421 725 3472 ut
739 3410 769 3470 iu
784 3408 919 3489 Cho'e‘ph.
940 3414 1012 3476 903.
1029 3419 1060 3470 et
1083 3408 1181 3488 Iphig.

75 3427 228 3565 mli,
244 3502 275 3552 et
288 3491 360 3554 Hel.
376 3497 464 3555 1119.
1111 3529 1115 3535 ·

129 3609 202 3691 agira
213 3633 240 3667 σι
253 3611 336 3688 ratis„
351 3614 398 3670 ui
409 3616 536 3692 παραινεῖς
545 3637 589 3688 μοι
599 3613 696 3678 sanis·
806 3660 809 3666 .

128 3691 220 3750 πείθω
233 3687 360 3769 ἰπςίδονέ,
382 3690 446 3750 lisa·
459 3695 574 3774 ὃμαςτιῖν
587 3719 631 3770 μοι
645 3692 752 3775 uirgas.

127 3776 174 3831 ui
184 3775 233 3849 pin
243 3772 326 3838 insitos
338 3772 416 3834 οὐκέτ’
425 3766 496 3834 inm
511 3801 548 3834 ros
561 3775 655 3856 pingis·

75 3896 202 3966 optatum
215 3895 262 3947 est
275 3885 364 3958 enim,
384 3887 519 3966 impediri
540 3906 642 3948 vocem
655 3906 691 3947 ac
705 3885 825 3947 retineri
837 3883 868 3945 in
881 3885 940 3945 fine
953 3879 1093 3963 longioris
1106 3880 1183 3941 ordi·

75 3967 102 4040 is,
123 3979 275 4046 tamquam
286 3967 311 4026 si
324 3986 447 4047 magnus
461 3969 564 4049 aliquis
578 3980 609 4030 et
623 3969 718 4048 gravis
739 3969 812 4029 ordo
831 3970 1020 4047 sequuturos
1032 3974 1118 4038 esset,
1143 3964 1183 4025 ad

75 4068 132 4109 tem
146 4047 322 4108 ordiendum
336 4049 433 4130 aliqua
441 4050 547 4110 virium
568 4050 743 4113 collectione
764 4069 838 4132 opus
860 4049 948 4127 foret,
968 4067 1060 4130 quum
1083 4058 1182 4109 tamen

75 4132 141 4194 evis
155 4130 235 4190 ordo
249 4142 404 4211 sequatur:

126 4314 675 4416 u-i-u-vissu--u.¹.u-.

593 4446 624 4507 K
