2694 4866
121 300 159 356 10
361 289 663 353 L113.1.cs1>.111.
684 289 743 352 DE
758 290 1007 368 ORDINIBUS.

252 519 262 552 Ι.

203 553 278 585 -νο

126 637 203 696 Nam
219 654 311 716 quum
325 635 395 695 arsis
409 637 563 698 auacrusin
575 638 687 699 habens
700 639 771 697 nihil
785 637 821 698 sit
835 638 925 712 aliud,
939 657 1024 719 quam
1039 644 1106 719 pars
1118 637 1195 699 illius
1206 657 1246 698 se·

123 717 186 792 liei,
201 723 286 799 cujus
300 735 365 796 pars
378 719 468 778 etism
482 718 629 779 anumusis
650 731 704 792 est,
725 720 780 780 etsi
803 719 853 779 ille
865 739 940 780 novo
955 721 1058 778 virium
1072 719 1247 780 incremento

122 811 227 859 aucta:
245 811 378 878 apertum
393 811 438 859 est
451 818 516 859 eam
531 800 671 879 aequalem
682 820 745 861 esse
755 800 862 862 debere
872 802 1052 880 temporibus
1065 819 1243 873 snacruseos,
1271 846 1273 851 .

123 900 179 941 nec
191 901 277 961 posse
291 882 431 940 minorem
446 901 520 941 esse.
559 882 663 961 Itaque
677 895 757 942 recte
771 902 802 942 se
822 883 911 943 habet
924 883 973 942 hic
987 902 1124 942 numerus
1271 926 1273 1045 p

125 1130 239 1206 Augeri
253 1147 322 1188 vero
337 1148 400 1188 eam
423 1128 494 1187 nihil
518 1128 650 1206 impedit,
664 1149 752 1212 quum
766 1128 883 1189 aliunde
897 1128 935 1188 ad
948 1147 1013 1189 eam
1026 1147 1101 1188 nora
1110 1126 1153 1186 vis
1167 1143 1242 1186 acce·

126 1209 186 1268 dst.
229 1210 316 1273 Unde
327 1210 378 1270 bic
392 1230 508 1290 quoque
522 1229 660 1270 numerus
670 1215 737 1290 jure
750 1211 892 1291 probatur
1269 1230 1272 1239 ·

205 1011 305 1078 υυό·

203 1340 316 1405 Vbi-'n

127 1454 240 1514 Eadem
253 1469 298 1517 est
311 1458 348 1517 ed
363 1457 458 1517 thesin
468 1478 565 1518 arseos
579 1459 664 1519 retio.
706 1459 783 1518 Nam
795 1463 884 1538 quum
893 1458 1146 1535 theticstempore
1156 1448 1242 1516 extr·

127 1536 151 1594 si
164 1551 332 1634 npscantur,
345 1540 438 1618 prima
458 1541 641 1620 maximeque
654 1540 778 1619 simplex
788 1541 937 1620 proportio
947 1540 1011 1599 lraec
1024 1550 1080 1611 est,
1091 1549 1125 1598 ut
1138 1549 1242 1616 tempo-
1272 1561 1273 1565 ¹

128 1637 161 1677 ra
173 1631 230 1679 sint
244 1638 335 1700 puna,

210 1752 275 1827 (W,
291 1753 388 1826 buu,
404 1753 504 1817 -Ι-...ο

128 1865 246 1928 Deinde
259 1888 330 1929 vero
344 1889 433 1948 quum
444 1875 536 1950 major
551 1872 672 1932 effectus
685 1891 703 1930 a
716 1873 828 1931 minore
842 1890 944 1931 caussa
961 1870 1084 1950 produci
1097 1870 1181 1949 plane
1193 1885 1244 1928 non
1269 1921 1273 1935 .

128 1948 229 2088 pplpsit,
244 1950 384 2029 quianon
398 1951 479 2012 adest
493 1963 575 2012 tauta
594 1953 646 2026 vis,
661 1967 770 2031 quante
783 1973 856 2034 opus
871 1972 928 2013 est:
949 1972 1066 2032 prorsus
1081 1957 1245 2033 repugnaret
1267 1939 1273 1985 ··’

129 2039 142 2087 t
181 2050 357 2104 enumerus,

211 2199 293 2231 v...-

132 2286 192 2347 Sed
202 2289 296 2348 minor
310 2289 430 2351 effectus
440 2311 480 2351 ex
490 2292 599 2370 majore
610 2289 931 2351 caussenssciomnino
942 2301 1056 2370 potest:
1076 2289 1161 2351 adest
1170 2287 1248 2358 eninr,

130 2387 196 2447 quae
210 2389 278 2429 eum
292 2383 427 2450 procreet
439 2373 491 2443 vis,
507 2373 561 2432 etsi
574 2392 634 2431 non
648 2372 741 2432 omnis
754 2371 918 2433 adhibetur.
938 2373 975 2431 Id
989 2391 1059 2452 ergo
1069 2372 1100 2430 iu
1111 2371 1168 2432 arsi
1177 2380 1251 2429 recte

131 2448 304 2523 admittitur,
316 2470 381 2530 quae
392 2462 513 2512 eatenus
522 2464 648 2525 tautum,
659 2463 692 2511 ut
702 2472 740 2512 ne
749 2453 809 2526 fiat,
822 2453 901 2533 quod
911 2466 1038 2533 nequeat
1051 2453 1126 2527 fieri,
1140 2470 1253 2531 exemp·

111 2540 113 2545 ’
132 2541 164 2588 ts
177 2541 221 2589 est
236 2543 408 2592 ceterorum
422 2545 587 2612 temporum
601 2535 828 2614 comparatione.
848 2535 951 2595 Potest
964 2535 1042 2594 enim
1055 2534 1128 2614 ersis
1141 2535 1183 2594 ite
1195 2548 1255 2594 estc

40 2674 43 2680 ,
80 2646 82 2653 s
132 2623 310 2691 comparata,
325 2624 358 2673 ut
372 2633 431 2674 non
445 2626 518 2688 tote,
531 2615 585 2675 sed
598 2616 695 2694 ulique
707 2627 821 2676 tautum
835 2627 917 2695 perte
930 2636 984 2676 suu
995 2616 1092 2675 thesin
1104 2623 1256 2695 procreet:

134 2711 199 2770 quoe
211 2714 279 2774 pars
292 2695 410 2756 omnino
423 2716 476 2776 par
490 2715 553 2758 esse
566 2697 684 2757 rheticio
693 2698 873 2778 temporibus
886 2697 986 2772 debet,
999 2697 1057 2758 lroc
1070 2698 1173 2760 medor
1222 2722 1226 2727 ·
1271 2726 1273 2763 !

227 2816 269 2891 j-
277 2863 310 2905 U,
352 2824 393 2892 -Ι-
402 2865 426 2895 ν
433 2864 467 2904 U,
508 2829 550 2892 -Ι-
559 2865 584 2895 U
590 2864 614 2896 U
621 2865 646 2897 U
1266 2786 1273 2885 l

110 2932 114 2943 “
158 2948 162 2955 ·
214 2946 238 2976 υ
249 2912 255 2994 Ι
266 2945 290 2976 υ
358 2947 381 2976 υ
393 2914 398 2996 Ι
409 2945 433 2976 υ
511 2914 550 2996 ul
561 2946 585 2977 υ
1271 2984 1273 2993 ,

135 3026 185 3088 Sic
197 3029 290 3090 moles
303 3029 417 3102 minori,
432 3050 518 3110 quum
533 3051 606 3110 opus
629 3042 685 3102 est,
706 3048 742 3090 ac
762 3030 896 3090 debiliori
914 3031 1105 3093 fundamento
1124 3020 1273 3114 imporiui

134 3109 270 3170 sustineri
283 3111 399 3190 nequit;
419 3112 520 3193 majori
533 3125 629 3172 autern
645 3124 676 3171 et
691 3111 820 3184 firmiori,
835 3131 922 3191 quam
930 3133 1009 3192 ¹opus
1022 3124 1077 3187 est,
1090 3113 1273 3176 fundarum

133 3200 166 3250 to
179 3190 267 3251 etiem
280 3193 422 3253 minorem
436 3194 542 3253 molem
552 3193 686 3254 sustineri
699 3193 770 3251 nihil
783 3193 914 3272 impedit.
954 3196 1003 3254 Ac
1016 3195 1132 3254 metrici
1145 3196 1273 3276 quidni

136 3271 262 3332 duorum
275 3274 363 3333 modo
377 3286 542 3353 temporum
561 3276 638 3335 arsin
652 3286 769 3335 norunt.
811 3276 920 3336 Musici
933 3287 1031 3337 autem
1044 3276 1173 3357 plurium
1184 3303 1193 3340 r
1212 3266 1273 3359 qul

136 3352 224 3413 hodie
238 3355 354 3433 punctis
368 3355 405 3416 nd
418 3367 502 3416 notes
516 3356 640 3418 musicus
650 3357 787 3436 appositis
795 3375 874 3437 saepe
887 3357 1051 3438 sescuplum
1060 3357 1099 3418 ad
1112 3352 1273 3445 dimididfll

138 3448 320 3516 comparant,
334 3437 392 3497 hoc
406 3436 509 3497 modo:
1167 3460 1170 3465 ’
1246 3438 1253 3479 ³
1269 3472 1273 3505 ³

226 3549 299 3617 Lo
1267 3534 1273 3619 1

221 3652 330 3734 υΙυυ
1223 3708 1232 3723 ,

179 3771 214 3861 6..
231 3765 358 3860 Ordines
370 3767 498 3862 diximus
512 3779 564 3830 aut
576 3766 722 3850 simplices
735 3787 808 3843 esse,
823 3779 874 3830 sut
894 3767 1068 3848 periodicos.
1111 3746 1273 3851 Simpliod,¹

141 3858 192 3907 aut
206 3867 236 3906 m
250 3866 312 3926 rpse
322 3866 379 3908 ursi
392 3861 560 3923 consistere,
1251 3860 1273 3885 ··²

222 3967 256 4040 ό»
271 3966 322 4040 -’-,

136 4098 194 4149 out
207 4086 303 4147 thesin
315 4086 572 4166 habere,.csmque
585 4097 637 4147 aut
650 4103 692 4147 ex
703 4086 882 4170 temporibus
895 4085 952 4146 arsi
966 4081 1136 4166 equalibus,

224 4218 288 4294 όυ,
303 4219 403 4292 boe,
418 4218 521 4293 .¹...,

140 4345 192 4396 aut
202 4354 245 4396 ex
258 4335 438 4416 temporibus
452 4331 611 4395 minoribus
625 4333 692 4408 arsi,
