2694 4866
109 270 169 329 290
452 271 533 331 L1B.
547 273 590 331 11.
609 273 704 335 caP.
725 273 886 335 XXXVII.
927 276 931 285 '

110 453 160 493 sus
181 435 222 495 ita
245 435 333 514 vulgo
355 437 479 516 legitur:
508 441 559 499 ced
580 441 624 500 Itis
647 441 765 523 legibus,
795 442 925 522 tiquam
946 443 1018 502 darc
1044 443 1096 515 ut's,
1128 446 1237 507 ducam

110 516 147 573 In
162 514 231 575 MS.
245 515 327 594 Lips.
340 518 512 598 duobusque
525 522 614 580 codd.
625 523 704 601 apud
718 523 867 596 Botbium,
888 535 919 583 et
933 524 1063 602 plurimu
1076 536 1152 586 vett.
1172 528 1237 588 edd.

110 606 190 655 totus
204 617 302 657 versus
315 599 407 661 deest.
447 602 505 667 Qui
516 603 571 662 esti
584 615 681 681 potest
694 605 805 674 abesse,
826 615 934 675 tamen,
955 605 1005 682 qui
1018 605 1120 665 Plauti
1129 628 1236 667 morem

112 677 261 754 cognitum
274 679 392 749 habent,
414 682 531 743 minime
545 685 674 743 deletum
688 684 796 755 volent,
817 685 977 763 prasertim
996 706 1088 765 quum
1108 689 1236 748 omissio·

110 777 180 816 nem
193 771 286 819 ortam
300 781 363 821 esse
377 776 513 841 appareat
526 784 544 823 a
559 767 654 824 verbo
674 766 784 836 ducam,
805 785 863 843 qno
886 767 946 825 duo
968 785 1068 825 versus
1088 766 1237 828 finirmtur.

112 840 172 911 Ae,
187 840 240 899 nisi
254 842 347 914 fallor,
368 845 454 902 simili
468 847 650 905 aberratione
663 846 773 904 facturn
788 857 842 916 est,
866 861 900 904 ut
921 865 1028 905 nomen
1048 869 1142 917 soror,
1162 849 1235 928 quod

111 920 170 979 hoc
191 922 220 981 in
243 944 329 982 versu
342 925 467 1004 reposui,
489 927 519 982 in
533 927 590 986 fine
604 928 752 1005 sequentis
765 946 865 986 versus
878 938 946 1005 post
946 929 1073 1005 seratur
1085 931 1175 1007 vulgo
1188 931 1237 988 ad-

113 1001 207 1061 ditum
230 1005 278 1065 sit.
320 1007 415 1065 Versu
440 1007 541 1084 quinto
564 1007 658 1066 delevi
681 1009 768 1067 darc:
790 1026 857 1067 nam
881 1007 980 1087 vulgo,
1000 1030 1085 1088 quom
1106 1011 1232 1070 dareris.

112 1084 254 1149 Quadam
269 1085 337 1145 edd.
351 1087 389 1144 ab
403 1087 620 1166 interpolatore,
641 1109 723 1171 quom
737 1098 770 1148 ta
784 1089 854 1149 dore
874 1089 927 1147 uic.
968 1089 1100 1167 Sequens
1125 1109 1231 1171 quoque

111 1184 210 1225 versus
225 1167 254 1225 in
268 1168 329 1226 aliis
344 1169 422 1227 libris
437 1169 520 1228 aliter
533 1170 669 1248 scriptus.
709 1171 746 1229 In
759 1169 861 1229 eadem
875 1168 974 1229 fabula
987 1170 1047 1230 ΙΙΙ.
1059 1173 1091 1233 2.

183 1305 320 1359 EV.redi:
341 1304 576 1378 qudfugisnirnc?
595 1306 748 1370 tenetene.
786 1308 817 1363 C.
828 1307 890 1379 quid
904 1316 941 1372 tu,
961 1306 1067 1372 stolide,
1084 1301 1198 1360 climac?
1265 1354 1267 1365 ,

182 1377 239 1429 EV·
252 1378 312 1447 quia
323 1379 356 1431 ad
369 1379 494 1432 tresviros
501 1379 557 1449 jaim
570 1397 618 1449 ego
631 1378 747 1433 deseram
765 1390 843 1433 tuum
860 1379 968 1435 nomen.
1001 1379 1034 1432 C.
1047 1370 1225 1449 quimobreu?

183 1447 241 1499 EV.
270 1448 439 1501 uiscirltrum
449 1448 538 1504 habes.
565 1450 596 1503 C·
609 1449 680 1513 bem,
697 1450 791 1503 cocdm
804 1449 888 1504 decet.
913 1450 969 1503 EV.
982 1448 1048 1516 quid
1060 1441 1227 1503 commutas

183 1466 271 1569 nihii
305 1519 337 1572 C.
349 1520 416 1571 istrie
428 1519 496 1572 male
508 1518 606 1575 factum
618 1520 739 1584 arbitror,
756 1520 818 1589 quia
830 1519 881 1573 non
895 1519 964 1573 latus
975 1518 1040 1573 sodi.

114 1594 148 1638 15
183 1587 240 1640 EV.
252 1587 333 1641 homo
346 1590 434 1642 nullos
446 1602 495 1654 est,
512 1591 541 1644 te
553 1591 688 1644 scelestior
718 1591 745 1643 oi
756 1592 827 1645 vivat
839 1584 926 1655 node,

186 1657 273 1728 neque
286 1660 348 1730 quoi
360 1659 470 1730 amplius
479 1661 513 1714 de
524 1661 655 1714 industria
666 1610 735 1714 indie
747 1661 806 1731 plirs
817 1661 910 1714 lubens
922 1658 1013 1714 lirim.

185 1729 218 1783 C.
230 1729 275 1799 pdl
282 1732 333 1784 etsi
345 1731 443 1796 taceas,
460 1731 544 1799 palam
557 1732 585 1784 id
597 1732 702 1802 quidem
713 1731 765 1786 est:
786 1747 828 1785 res
840 1733 896 1802 ipss
907 1731 1005 1787 testist.

185 1799 224 1853 ita
235 1799 348 1856 sirstibus
360 1803 417 1856 sirm
430 1803 533 1857 mollior
545 1803 626 1872 magis
638 1821 716 1874 quam
730 1803 799 1856 bllus
811 1801 937 1857 cinaedus

185 1871 233 1925 sed
245 1872 307 1943 quid
319 1873 366 1927 tibi
377 1872 433 1939 nbs,
450 1874 571 1928 mendice
582 1873 671 1938 bomo,
689 1873 771 1928 tactio
783 1871 846 1927 est?
865 1873 932 1944 quae
945 1869 1010 1926 res?

115 1948 149 1992 20
184 1942 242 1998 EV.
251 1941 330 1996 etiam
343 1942 462 2013 rogitas?
481 1944 514 1998 dn
528 1945 589 2016 quia
600 1946 687 1998 mlnus
695 1961 773 2014 quam
785 1942 896 2013 aequom
909 1953 975 2008 erat,
985 1941 1063 1997 leci?

184 2014 217 2067 C·
234 2015 298 2067 sine.
318 2026 346 2068 at
357 2015 446 2068 hercle
458 2034 517 2068 cum
528 2015 622 2084 magno
634 2015 772 2078 maletuti,
784 2015 806 2068 si
818 2014 868 2069 hoc
880 2025 959 2083 caput
970 2013 1060 2067 sentit

184 2084 240 2138 BV.
255 2085 299 2156 pol
311 2102 360 2154 ego
372 2086 444 2139 haird
456 2087 511 2140 scio
522 2086 586 2157 quid
599 2086 657 2156 pdst
668 2085 740 2139 fuat:
753 2086 827 2138 turim
838 2085 910 2139 nunc
923 2095 1004 2155 caput
1015 2082 1109 2140 sentit.

187 2153 270 2210 sedin
284 2155 393 2211 aedibus
405 2158 469 2240 quid
481 2158 529 2212 tibi
547 2158 613 2212 meis
625 2175 685 2211 nam
698 2155 756 2210 erat
767 2157 857 2226 negoti

185 2241 228 2281 ms
239 2227 357 2292 absente,
369 2227 420 2282 nisr
432 2225 641 2301 egojdsseram?
653 2227 718 2283 vdlo
729 2227 805 2281 scire.
817 2226 850 2281 C.
860 2238 920 2281 tace
928 2225 1000 2298 ergo.

116 2304 150 2351 25
186 2299 248 2368 quia
258 2298 377 2352 venimus
389 2299 494 2352 coctum
503 2299 537 2352 ad
546 2297 659 2370 nuptiis.
694 2298 751 2352 EV.
763 2298 835 2369 quid,
843 2298 950 2364 molum,
962 2299 1040 2352 cirras

32 2416 35 2424 ,
139 2408 143 2421 .
186 2369 226 2434 td,
237 2370 325 2422 utrdm
338 2370 447 2423 crudum
460 2369 494 2422 in
507 2370 613 2423 coctum
625 2369 712 2434 edam,
722 2367 774 2422 nisi
786 2369 816 2422 td
826 2368 891 2422 milri
903 2386 932 2423 es
943 2366 1042 2423 tutor?

186 2440 218 2493 C.
232 2440 293 2494 volo
302 2441 377 2504 scire,
386 2440 466 2505 sinis,
474 2459 508 2493 an
521 2441 574 2494 ndn
587 2439 658 2494 sinas
669 2457 718 2494 nos
730 2439 843 2510 coquere
854 2439 897 2493 hic
910 2439 1034 2493 coenam..

186 2511 243 2563 EV.
255 2511 316 2563 volo
327 2512 394 2564 scire
404 2529 452 2580 ego
464 2511 527 2564 item
537 2511 612 2565 meae
624 2510 697 2565 domi
708 2510 785 2564 mean
798 2509 870 2563 salva
879 2509 977 2564 sutrira.
1044 2526 1049 2535 '

188 2581 220 2636 C.
233 2581 333 2635 utinam
346 2599 405 2652 mea
416 2581 480 2634 mihi
491 2582 572 2635 modo
583 2580 708 2646 sulm,
719 2598 778 2650 quae
790 2581 877 2646 attuli,
888 2580 966 2635 salva.

119 2661 153 2704 so
187 2669 231 2706 me
243 2651 313 2707 haud
324 2652 453 2723 poenitet,
462 2653 508 2708 tda
520 2671 554 2706 ne
566 2652 697 2725 expetam·
733 2653 790 2707 EV.
802 2653 867 2717 scio,
879 2651 913 2705 ne
925 2651 1010 2706 doce:
1025 2648 1101 2704 ndvi.

188 2724 221 2780 C.
251 2725 296 2778 uid
308 2736 357 2790 est,
387 2724 421 2779 ud
433 2723 556 2795 prohibes
568 2742 638 2778 nunc
647 2722 731 2794 gratiis
742 2740 792 2776 nos
804 2723 917 2794 comere
928 2721 971 2776 hic
983 2717 1120 2779 coenam?

187 2742 252 2920 pald
262 2744 394 2850 fecimusX
413 2797 476 2865 quid
489 2796 604 2850 diximus
616 2796 665 2848 tibi
678 2794 752 2848 sicus
764 2811 842 2863 quam
854 2790 960 2875 velles?

213 2868 246 2919 V.
263 2866 342 2920 etiam
355 2867 461 2936 rogitas,
473 2865 584 2922 sceleste
596 2865 685 2929 homo,
697 2865 742 2935 qui
755 2864 865 2933 angulos
877 2864 962 2918 dmnrs

188 2936 306 2989 mearum
318 2938 421 2990 aedium
434 2948 461 2990 et
468 2935 632 2990 conclavium
644 2935 708 2988 mihi
720 2934 834 3006 perviam
843 2932 950 2988 facitis?

121 3015 153 3060 35
189 3007 217 3059 id
225 3008 273 3058 ubi
286 3008 334 3060 tibi
345 3007 403 3061 erit
415 3007 556 3075 negdtium,
567 3006 602 3060 ad
612 3005 701 3060 focum
714 3007 735 3059 si
745 3005 858 3070 adesses,

190 3075 336 3130 ndulissile
345 3077 455 3131 haberes
467 3087 559 3146 caputc
577 3075 672 3130 merito
684 3076 712 3129 id
724 3077 772 3131 tibi
784 3073 882 3130 frictum
894 3084 944 3130 est.

190 3147 258 3202 adeo
270 3149 301 3201 bt
312 3166 397 3202 meam
407 3148 564 3203 sententiam
570 3146 627 3218 jdm
640 3149 749 3201 ndscere
760 3147 856 3217 pdssis:

190 3220 212 3273 si
222 3218 257 3272 dd
264 3219 374 3288 januam
386 3220 439 3273 huc
451 3218 601 3283 decesseris,
612 3219 663 3270 nisi
671 3220 785 3288 jussero,
794 3217 911 3288 propius,

190 3290 238 3361 ego
248 3291 277 3344 te
288 3290 390 3356 faciam,
401 3290 560 3346 miserrimus
568 3289 685 3343 mortalis
697 3290 737 3343 uti
746 3289 789 3342 sis·

120 3373 154 3416 40
190 3362 301 3433 scisjaim
311 3380 397 3416 meam
410 3358 590 3416 sdntentiam?
609 3361 662 3432 qud
670 3357 747 3414 abis?
765 3357 944 3414 redirr'rrsum.

191 3434 223 3487 C.
235 3434 274 3486 ita
285 3434 328 3488 me
340 3436 407 3488 bene
419 3433 492 3487 amet
501 3432 631 3496 Laverna,
643 3430 670 3485 te
678 3430 734 3500 jaim
746 3430 796 3484 nisi
806 3428 884 3482 reddi

191 3503 257 3557 mihi
267 3503 329 3558 vasa
337 3505 415 3575 jube‘s
427 3504 519 3575 pipulo
531 3503 648 3557 differam
660 3503 704 3556 hic
717 3510 779 3555 ante
791 3499 873 3556 aedis.
933 3542 935 3546 ⁷

120 3626 335 3686 V.ll.addidi
349 3637 390 3700 tc,
411 3639 441 3686 et
455 3648 481 3685 v.
506 3633 552 3688 13.
566 3627 637 3686 bem.
679 3623 715 3682 V.
742 3629 790 3685 16.
814 3624 913 3702 vulgo,
940 3644 1027 3704 neque
1048 3623 1113 3704 quoi
1135 3613 1221 3703 egodt
1263 3632 1266 3666 Ξ

121 3709 262 3768 industria
276 3708 406 3789 amplias.
447 3708 485 3768 V.
508 3714 555 3771 18.
577 3707 670 3767 delevi
690 3706 784 3778 ariter,
807 3706 885 3784 quod
898 3718 963 3785 post
984 3704 1096 3766 mollior
1115 3700 1218 3763 additur
1262 3718 1267 3777 ῥ’

122 3803 194 3849 erat.
236 3790 275 3850 V.
289 3795 339 3850 21.
358 3791 456 3866 vulgo,
471 3811 530 3849 cum
549 3788 808 3868 molomogaotuo.
850 3786 987 3865 Plerique
1001 3786 1088 3846 codd.
1098 3806 1155 3852 cvra
1166 3773 1218 3840 aab
1260 3795 1267 3849 ζ

122 3880 172 3930 tao
187 3891 298 3951 arogno,
340 3872 377 3928 V.
392 3876 440 3930 22.
465 3873 553 3948 vulgo
562 3873 633 3949 fiat,
655 3870 735 3948 quod
755 3873 815 3947 jam
837 3867 906 3927 olim
926 3867 1047 3927 fuerunt
1070 3866 1158 3947 quiin
1164 3858 1217 3949 fili
1259 3860 1267 3943 ζ

122 3963 279 4010 mutarent.
321 3953 358 4010 V.
373 3956 421 4013 25.
437 3955 486 4010 26.
499 3952 592 4023 Libri,
616 3953 686 4031 quid
697 3961 739 4024 tu,
760 3949 873 4022 malum,
894 3969 986 4021 curos,
1001 3959 1106 4008 utrum.
1125 3943 1217 4034 Remus
1264 3967 1267 4007 ῑ

123 4042 192 4092 ante
216 4041 309 4092 atrum
335 4032 460 4092 addebat
483 4047 543 4110 ego.
595 4034 697 4110 Atque
720 4032 744 4091 is
772 4030 888 4109 quidem
911 4031 964 4088 hos
984 4049 1085 4090 versus
1106 4026 1215 4087 imbuo
1263 4049 1267 4080 ι

123 4115 271 4174 trimetros
284 4111 534 4192 hypercatalectos
548 4131 611 4170 esse
625 4112 805 4190 opinabatur.
844 4112 875 4172 si
889 4111 1006 4189 vulgato
1018 4122 1155 4180 servatur,
1167 4114 1215 4177 avt
1265 4116 1267 4137 ³

124 4198 181 4259 tias
205 4190 235 4247 in
256 4192 327 4252 duas
348 4194 472 4274 syllabas
497 4203 658 4263 contracto,
678 4192 800 4254 fortasse
823 4194 1007 4253 scribendum
1030 4213 1081 4275 ego
1105 4190 1216 4249 arcam·
1262 4235 1267 4270 ·:

125 4281 163 4339 V.
185 4277 234 4338 28.
251 4293 310 4413 pppl
325 4276 389 4335 item
410 4274 497 4336 codd.
517 4293 571 4353 pro
591 4272 709 4350 vulgato
730 4275 795 4333 item
809 4295 870 4355 ego.
911 4275 949 4334 V.
964 4279 1011 4337 31.
1028 4271 1157 4354 probibet
1169 4252 1221 4325 MS·

126 4361 207 4442 Lipt·
312 4374 350 4435 go
373 4356 533 4439 probibeat.
574 4353 613 4431 V,
642 4359 691 4417 32.
717 4355 805 4440 vulgo
832 4354 968 4439 sequius:
999 4353 1129 4437 plerique
1154 4326 1254 4410 eodb·
