2694 4866
496 256 576 319 LIB.
596 256 655 317 111.
677 258 772 317 CAP.
791 257 845 319 IX.

110 486 114 493 ,
180 428 471 496 enoabases,'urste=

179 519 247 556 neve
258 500 357 567 luerre,
431 516 496 562 mar,
507 499 556 555 sira
567 499 702 554 incurrere
712 498 740 552 in
752 497 858 569 pleoria

182 583 255 626 satur
267 570 360 636 lusere,
372 572 460 624 Mars:
484 570 564 624 limen
576 570 632 635 sali,
644 581 693 636 sta,
705 571 820 625 berber2-

181 659 304 697 semones
315 642 425 707 alterne,
433 643 489 712 jam
502 640 556 697 duo
569 640 641 713 capit
656 652 775 696 cunctos.

180 730 256 779 enos,
269 714 396 777 Marmor,
408 714 512 783 juvato.

113 810 116 815 ·
181 784 305 855 triumpe,
316 784 438 854 triumpe

114 906 223 969 sensus
236 905 351 965 videtur
370 904 420 965 hic
439 924 520 966 esse:
549 925 608 972 not,
631 909 733 977 Lares,
746 907 866 984 juvate:
894 924 963 964 nene
985 904 1071 978 laem,
1098 906 1226 977 Mansuri.

112 987 178 1046 siris
192 988 338 1046 incurrere
350 986 381 1045 in
390 985 510 1066 plures:
530 986 724 1066 saturfiseria
740 987 847 1045 Mors.-
869 984 965 1060 limen,
979 989 1000 1048 i.
1014 1008 1041 1047 e.
1055 999 1227 1071 postremum
1266 1022 1268 1035 ι

110 1067 175 1141 sali,
189 1077 245 1140 sto,
259 1088 381 1127 vervex:
406 1070 535 1128 Sanam
548 1066 662 1139 alterni,
677 1071 744 1148 jam
764 1068 821 1127 duo
833 1070 909 1149 capit
922 1079 1047 1130 candus.
1091 1071 1229 1132 Postrema

112 1162 147 1210 ut
161 1149 203 1209 ita
215 1149 398 1229 interpreter,
415 1149 477 1228 ipsa
489 1149 537 1208 illa
551 1148 651 1208 tabula
664 1168 711 1208 me
731 1160 837 1218 movet,
860 1168 926 1227 quae
939 1148 997 1208 hoc
1012 1169 1136 1211 carmen
1150 1152 1228 1212 cond·

112 1242 174 1301 net,
189 1231 218 1287 io
234 1249 291 1310 qua
304 1230 408 1310 singuli
423 1231 473 1303 dii,
488 1230 592 1309 quibus
605 1249 688 1290 sacra
700 1229 819 1302 fiebant,
830 1231 999 1290 nominatim
1009 1250 1230 1293 commemoran-

111 1323 171 1385 tur,
195 1322 226 1372 et
252 1311 410 1391 unicuique
433 1331 570 1371 verveces
593 1331 715 1372 numero
740 1311 799 1370 duo
823 1311 963 1371 immolati
986 1312 1142 1388 dicuntur,
1164 1313 1231 1394 quod

111 1393 317 1473 scriptumest
338 1393 389 1464 sic,
416 1411 553 1452 vnasnc.
578 1411 610 1452 u.
634 1412 672 1452 11.
714 1394 860 1453 Ceterum
881 1406 1013 1473 apparet,
1027 1395 1231 1456 cadereinbos

113 1490 213 1534 versus
226 1473 266 1545 id,
282 1473 360 1553 quod
375 1472 589 1540 Quinctilia'nus
604 1474 674 1534 dicit
689 1476 744 1535 lX.
756 1480 787 1546 4,
804 1479 871 1535 114.
894 1487 914 1514 “
929 1479 1037 1554 poema
1050 1496 1142 1538 nemo
1160 1476 1231 1536 dubi·

40 1576 43 1585 ¹
114 1564 135 1596 ‘⁶
149 1555 254 1614 taverit
267 1555 402 1634 imperito
418 1556 543 1635 quodam
558 1554 641 1614 initio
654 1554 760 1626 fusum,
776 1566 806 1615 et
820 1555 932 1614 aurium
947 1577 1087 1618 mensura
1101 1571 1135 1619 et
1147 1558 1229 1617 simili·

112 1645 133 1678 “
147 1649 193 1696 ter
207 1635 424 1696 decurrentium
438 1638 596 1714 spatiorum
611 1637 813 1696 observatione
825 1655 889 1696 esse
910 1651 1104 1714 generatum
1124 1659 1192 1698 mox
1206 1639 1229 1696 in

113 1725 184 1859 geo
199 1729 330 1798 repertos
340 1717 463 1798 pedes.’'
505 1717 687 1784 Quibuscum
702 1719 880 1778 conveniunt
900 1720 992 1780 Servii
1005 1722 1097 1782 rerba
1121 1721 1160 1781 ed
1171 1719 1229 1780 illud
1245 1775 1249 1784 .

145 1818 226 1878 eorg.
241 1801 281 1861 11.
295 1805 365 1862 385.
1228 1830 1230 1835 ·

183 1917 202 1946 “
213 1934 263 1972 nec
274 1934 330 1972 non
342 1902 465 1984 Ausonii,
476 1917 557 1989 Troja
567 1934 632 1988 gens
643 1915 731 1984 missa,
742 1917 832 1973 coloni

183 1988 203 2018 ‘⁶
213 1987 331 2044 versibus
342 1987 484 2060 incomptis
495 1987 606 2043 ludunt:

113 2089 326 2151 “carminibus
352 2090 487 2152 Saturnio
511 2101 606 2150 metro
631 2090 765 2170 comptis,
790 2090 870 2170 quod
893 2091 932 2150 ad
952 2092 1129 2175 rhythmum
1150 2094 1230 2155 solum

114 2181 137 2215 ‘⁸
151 2191 328 2312 comlqronere
341 2171 475 2250 vulgares
488 2174 735 2232 eomusvemut.”
1266 2188 1268 2193 ·

155 2257 185 2320 7.
247 2253 345 2313 oxima
371 2252 416 2313 bis
442 2263 529 2313 aetate
556 2266 624 2312 sunt
652 2252 780 2312 earmina
808 2254 865 2314 Cn.
888 2255 995 2314 Marcii
1016 2257 1103 2317 vatis.
1125 2257 1229 2318 Festus:
1265 2270 1268 2315 1

115 2345 137 2377 “
151 2352 337 2396 noeumane
350 2334 381 2392 in
395 2335 523 2394 carmine
538 2335 593 2394 Cn.
609 2334 716 2394 Marcii
729 2333 803 2394 vatis
823 2334 967 2414 significat
987 2355 1135 2412 uacans,
1156 2357 1230 2417 quum
1266 2332 1268 2405 ξ

116 2416 208 2557 “edlu
241 2433 393 2481 Quamvis
417 2433 623 2476 morannum
653 2434 795 2476 nuouuu
826 2419 1041 2477 uuuuuarn.”
1090 2417 1230 2500 Ingenium
1266 2438 1268 2463 ¹

116 2500 137 2560 S
185 2497 266 2576 iger:
1159 2508 1163 2513 ’
1266 2524 1268 2529 ·

186 2612 304 2686 quamvis
316 2613 457 2669 induitium
466 2613 594 2681 duonum,
606 2625 757 2686 negumate:
1264 2584 1268 2663 l

115 2734 137 2796 i.
149 2753 177 2796 e.
193 2751 346 2799 ouauvrs
362 2753 501 2795 rurrruu
517 2755 633 2797 nouum
649 2753 712 2797 s1r.
756 2736 815 2798 Sed
835 2737 979 2796 incertum
1000 2736 1059 2797 boc
1079 2750 1135 2810 est,
1158 2749 1185 2798 et
1198 2736 1230 2795 fs·

116 2816 200 2876 cilius
214 2816 301 2876 etiam
315 2815 503 2876 molimentum
518 2818 681 2895 conjicias
707 2817 877 2878 Dolendum
896 2837 966 2878 vero
981 2831 1034 2887 est,
1051 2820 1134 2898 quod
1147 2819 1230 2879 Livius

117 2899 214 2958 XXV.
232 2901 278 2958 12.
292 2909 321 2956 et
336 2897 507 2957 Macrobius
521 2900 543 2958 1.
561 2901 621 2959 Sat.
641 2903 689 2964 17.
702 2899 751 2978 qui
765 2898 876 2978 aliquot
895 2919 993 2959 versus
1016 2900 1124 2960 horum
1144 2899 1231 2960 carmi·

115 2998 187 3038 num
201 2991 440 3048 commemorant,
455 2980 550 3056 prisca
562 2981 651 3038 verba
664 2980 862 3039 usitatioribus
876 2993 1068 3054 commutare,
1083 3001 1170 3061 quam
1182 3000 1229 3040 ser·
1266 3010 1268 3059 ;

116 3079 185 3119 vare
199 3058 279 3117 illum
293 3060 445 3118 vetustatis
459 3059 544 3118 situm
560 3061 736 3122 maluerunt.
779 3062 865 3122 Unde
879 3081 957 3121 nunc
979 3062 1028 3120 vix
1051 3061 1229 3145 conjectando

118 3140 232 3220 assequi
246 3159 408 3217 possumus,
423 3141 527 3219 quibus
540 3143 635 3201 verbis
649 3143 777 3203 carmina
790 3143 839 3203 illa
852 3155 995 3223 concepta
1007 3141 1138 3205 fuerint:
1157 3141 1231 3204 sedsi
1266 3140 1268 3145 ’

117 3234 163 3282 est
177 3226 354 3303 conjecture
368 3223 460 3293 locus,
475 3222 532 3280 boc
547 3223 707 3283 tenendum
721 3225 785 3292 erit,
801 3225 871 3282 nihil
892 3225 947 3284 nisi
967 3227 1057 3286 verba
1081 3226 1230 3303 formasque
1266 3236 1268 3241 '

117 3305 272 3364 verborum
297 3304 381 3362 nimis
404 3303 548 3364 obsoletas
570 3317 621 3365 aut
644 3305 775 3384 po'e‘ticas
799 3318 924 3365 mutatas
947 3305 1051 3379 videri,
1075 3307 1231 3384 additusque

119 3386 274 3463 particulas
287 3386 437 3465 quasdam,
452 3388 605 3445 nectendas
625 3386 763 3447 orationis
784 3405 894 3447 caussa.
937 3389 1043 3466 Itaque
1063 3390 1107 3450 sic
1126 3389 1231 3449 formae
1266 3390 1268 3411 ²

117 3468 266 3529 Marcius:
1266 3480 1268 3485 '

187 3601 302 3667 amnem,
313 3601 472 3675 Trojngena,
483 3601 604 3658 Cdnnam
615 3601 685 3674 luge,
697 3622 732 3660 ne
744 3614 771 3659 te
782 3603 937 3675 alienigenae

188 3674 285 3745 cogant
297 3673 325 3727 in
337 3692 431 3745 campo
443 3675 586 3729 Diomedei
598 3690 690 3729 manus
702 3692 856 3732 conserere:

188 3746 236 3803 sed
247 3744 297 3799 nec
310 3745 402 3800 credes
414 3757 444 3800 tu
456 3745 529 3812 mibi,
541 3745 793 3817 done‘ccomplessis
805 3746 896 3817 sangui

188 3816 319 3884 eampum,
332 3815 456 3886 miliaque
467 3817 552 3872 multa
562 3817 652 3871 occisa
663 3827 710 3872 tua
722 3817 840 3871 tetulerit

188 3887 212 3940 is
224 3886 308 3940 amnis
320 3887 346 3939 in
360 3886 470 3955 pontum
483 3905 604 3957 magnum
618 3888 651 3942 ex
663 3898 734 3942 terra
744 3886 876 3958 frugifera.
918 3907 923 3915 ·

187 3957 310 4026 piscibus,
327 3958 426 4021 nvibus,
434 3957 557 4028 ferisque,
569 3977 628 4027 quae
640 3958 762 4014 incolunt
774 3971 866 4023 terras,
878 3958 916 4012 eis

188 4027 247 4083 fuat
258 4028 319 4084 esen
330 4029 417 4082 caruis
428 4029 490 4083 tua:
510 4028 549 4083 ita
556 4031 575 4087 J
576 4030 680 4101 iuppiter
691 4029 755 4084 mihi
766 4028 845 4085 fatus.

123 4145 219 4204 Unum
234 4145 270 4204 de
284 4146 329 4205 his
342 4148 499 4219 adnotabo,
524 4147 603 4225 quod
616 4160 650 4208 ut
673 4149 800 4228 ignorari
824 4169 842 4207 a
864 4148 1012 4228 plerisque
1036 4151 1132 4220 rideo,
1157 4150 1228 4211 etiam

118 4228 245 4306 sanguia,
257 4231 369 4310 sangui,
386 4229 514 4309 genitivo
534 4227 691 4310 dativoque
705 4251 775 4294 casu
797 4231 909 4293 dictum
933 4249 1005 4293 esse.
1050 4233 1190 4296 Charisius
1206 4248 1228 4309 p·
