2694 4866
137 214 140 219 ’
215 257 275 320 nr:
297 256 559 321 rnocrrnrcrs
580 256 773 323 raranm.
788 255 1117 322 carmmcrrcrs.
1188 264 1230 325 ss

98 459 161 523 qno
175 437 207 497 in
228 457 314 498 versu
328 437 368 522 'lt'
382 438 527 517 digamma
549 437 686 501 habebat.
726 439 792 500 Nee
806 457 875 499 sane
889 450 944 513 est,
965 459 1056 519 quare
1069 440 1146 501 hanc
1166 441 1228 500 lec-

96 524 213 582 tionem
221 520 416 598 repudiemus.
436 520 595 600 Dactylnm
607 520 768 600 sequidem
778 541 837 580 non
849 522 889 581 ita
898 522 1003 593 firmat,
1015 533 1048 580 ut
1058 523 1228 601 eum,.qnod

100 601 278 682 Hephaestio
292 602 364 672 vult,
388 603 552 679 prorniscue
566 622 620 681 pro
641 603 911 682 trochaeopositurn
935 603 1096 663 credamus.
1150 604 1229 662 Nam

98 686 158 743 ieta
170 683 297 755 nomina,
313 685 409 763 qualia
418 685 482 743 baec
495 685 618 764 piscium
627 696 704 756 sunt,
717 704 805 763 quurn
819 704 879 742 non
892 685 985 761 magis
998 685 1162 744 autmutari
1176 697 1228 745 aut

99 766 187 825 vitari
201 765 298 837 liceat,
321 786 407 845 quarn
420 767 538 824 nomina
560 767 687 845 propria,
709 767 813 825 eodem
839 785 906 825 curn
927 767 980 824 illis
993 770 1060 846 jure
1082 767 1228 826 fruentur.

102 847 163 906 Sed
177 848 256 925 apud
270 847 364 926 ipsum
378 848 464 906 etiam
481 848 716 927 Aristophanem,
730 848 809 926 apud
823 867 909 926 quem
924 848 953 904 in
968 852 1026 907 Av.
1041 852 1110 911 758.
1138 851 1228 925 Vesp.

100 935 175 989 458.
192 933 280 994 1267.
304 929 438 988 meliores
457 929 522 987 libri
543 931 650 989 tollunt
670 930 828 1009 dactylum,
858 930 934 1010 (duo
948 929 1019 986 alios
1038 948 1137 988 versus
1161 930 1236 987 vide·

99 1010 182 1152 ppud
203 1011 386 1092 Personam)
405 1021 502 1070 tamen
516 1011 596 1090 quod
619 1011 649 1068 in
664 1012 783 1071 Thesm.
809 1016 877 1078 706.
891 1011 964 1070 liber
987 1011 1140 1071 Ravennas
1153 1030 1227 1090 prae-

141 1103 164 1166 l»

109 1196 113 1203 Ι
182 1204 248 1266 δεινὰ
263 1204 326 1279 diff,
341 1194 432 1280 ὃτιιῖᾆ
445 1204 494 1286 ξ’χυ
507 1235 557 1285 μου
570 1206 716 1290 ’zagarolum
729 1213 757 1268 ri
772 1207 879 1279 murdim,

101 1340 163 1381 nnn
176 1320 270 1398 magis
280 1302 455 1411 'mutandum
468 1332 654 1400 puto„quaru
667 1322 748 1401 quod
760 1334 805 1382 est
817 1323 848 1380 in
863 1319 981 1381 Eccles.
996 1325 1084 1383 1156.

182 1445 236 1507 τοῖς
249 1443 342 1523 madre
356 1437 380 1498 δ’
392 1436 460 1507 »ἰδέας
474 1437 517 1499 lut
531 1446 572 1501 alt
586 1440 666 1514 γίλυν
678 1442 761 1523 xp'mr
775 1440 825 1519 tpt,

101 1553 153 1613 ubi
177 1555 309 1613 Porsonn
323 1552 365 1614 lul
378 1561 405 1616 vl
430 1559 510 1635 γελᾷι
534 1556 719 1615 scribendum
732 1556 856 1615 videtur.
897 1553 978 1613 Nihil
1002 1555 1080 1614 enim
1093 1554 1226 1635 impedit,

102 1635 173 1715 quin
186 1636 232 1696 his
246 1635 276 1693 in
289 1635 361 1695 locis
371 1639 422 1701 inl
433 1647 462 1695 et
476 1636 519 1696 lul
531 1656 584 1714 per
594 1639 767 1710 σωικφάνησιν
780 1637 973 1717 pronunciata
985 1655 1048 1696 esse
1056 1648 1226 1709 statuamus,

106 1719 142 1778 de
156 1738 215 1797 qua
228 1737 260 1776 re
273 1717 484 1797 supradictum
498 1733 543 1776 est
556 1718 606 1779 lib.
620 1719 645 1776 1.
657 1738 721 1799 cap.
737 1724 784 1780 10.

144 1805 173 1860 5.
195 1799 333 1878 Denique
345 1799 370 1858 si
389 1797 438 1856 hic
450 1798 510 1858 illic
524 1799 553 1858 in
574 1799 745 1859 Graecorum
759 1805 911 1879 poctarum
933 1799 1062 1880 reliquiis
1082 1801 1228 1879 spondeus

107 1881 136 1938 in
158 1880 315 1961 imparibus
339 1880 415 1939 locis.
430 1880 585 1952 invenitur,
606 1885 668 1961 jam
691 1901 777 1941 nemo
802 1883 926 1958 dubitat,
940 1882 1011 1963 quin
1035 1900 1070 1942 ea
1093 1881 1229 1961 exempla

112 1966 244 2041 corrupta
267 1963 335 2021 sint.
376 1964 424 2019 Ac
445 1961 583 2041 pleraque
603 1968 695 2042 jama
714 1963 782 2023 viris
806 1965 900 2025 doctis
920 1975 1053 2026 correcta
1073 1976 1151 2023 sunt.
1191 1963 1229 2021 In

115 2042 279 2183 tgpchilochi
302 2042 466 2122 fragmento
480 2064 511 2123 p.
527 2048 594 2105 124.
607 2045 654 2104 ed.
674 2044 787 2104 Liebel.
798 2050 859 2124 jam
873 2048 923 2107 diu
945 2059 1000 2120 est,
1015 2064 1105 2124 quum
1129 2064 1228 2104 emen·
1261 2041 1264 2045 ’

147 2145 182 2199 rr,

185 2238 333 2318 ἤμπλακον,
348 2240 395 2300 καί
407 2238 457 2300 rror'r
470 2241 516 2301 τιν’
528 2241 611 2303 duan
624 2228 730 2312 mim
744 2245 878 2319 κιχήσατο,

89 2392 92 2423 r
122 2346 204 2491 lllgo
227 2352 306 2412 enim
327 2352 377 2420 dm
400 2351 562 2432 legebatur.
602 2354 639 2412 In
660 2354 717 2414 alio
739 2355 872 2432 ejusdem
894 2358 991 2436 podtae
1013 2339 1177 2433 fragmento
1198 2372 1229 2432 p.

89 2540 100 2615 ξ’
132 2573 135 2578 ’
186 2547 286 2618 balasor,
302 2551 352 2610 καί
361 2563 419 2624 σφιν
431 2549 567 2619 &aldem
578 2554 685 2633 ἦχίιντι
698 2551 806 2629 aalma

89 2640 94 2685 ξ
127 2673 195 2733 quum
215 2665 361 2744 correptio
381 2666 477 2744 longae
489 2665 687 2744 vocalisaegre
710 2667 843 2725 videatur
862 2666 996 2726 excusari
1016 2683 1109 2745 posse,
1130 2663 1229 2722 malim

101 2752 105 2765 ¹
127 2740 315 2819 ltptrra'scrlbi,
329 2745 384 2805 nisi
395 2747 473 2806 forte
486 2746 691 2820 Archilochus,
703 2759 736 2806 ut
748 2751 830 2814 &vius
837 2759 868 2806 et
880 2750 971 2819 dudan,
982 2751 1073 2825 τιμήεις
1087 2757 1118 2805 et
1126 2747 1226 2823 τιμιᾶεις

89 2844 102 2907 p
128 2815 221 2899 dicitur,
235 2827 276 2886 ita
290 2829 376 2886 etiarn
390 2830 493 2906 aglom
506 2828 604 2887 dicere
617 2847 703 2896 ausus
718 2839 771 2901 est,
787 2828 865 2907 quod
879 2831 916 2888 ab
930 2828 994 2908 ὄχος
1014 2826 1131 2886 formari
1144 2836 1227 2885 recte

89 2912 103 2983 ζ’
128 2906 209 2972 potuit.
251 2908 312 2968 Sed
325 2909 355 2967 in
369 2910 568 2970 Romanorum
588 2912 740 2988 poetarum
761 2911 852 2969 classe
866 2929 911 2982 ea,
933 2930 997 2989 quae
1012 2911 1184 2968 Graecnrum
1198 2908 1229 2964 in

89 3008 99 3069 p,
129 2986 205 3046 metris
217 2988 395 3068 diligentiam
418 3003 543 3070 sequuta
555 3002 609 3061 est,
622 2991 703 3068 lapsa
712 2997 773 3070 jam
786 3004 848 3051 arte
863 2992 911 3050 illa
930 2993 1057 3059 fuerunt,
1074 2991 1124 3068 qui
1137 3007 1226 3069 spon-

89 3104 96 3153 ι,
130 3055 195 3124 leun
207 3069 236 3127 in
255 3072 372 3150 paribus
385 3070 457 3131 locis
480 3071 628 3133 interdum
647 3072 844 3146 admitterent,
870 3085 902 3132 ut
916 3075 950 3147 is,
965 3073 1016 3152 qui
1040 3071 1227 3149 Pervigiliurn

89 3180 97 3235 3
130 3137 228 3209 Vneris
240 3152 365 3231 scripsit.

89 3244 98 3313 ’ᾗ
158 3232 181 3286 6.
199 3231 447 3292 Prorsusdiversi
467 3235 505 3294 ab
529 3235 573 3295 his
596 3245 664 3295 sunt
687 3246 800 3296 veteres
824 3234 1023 3295 Romanorum
1046 3238 1152 3313 pos'tae,
1177 3231 1228 3312 qui

89 3320 96 3355 ἐ
131 3311 240 3378 quoniam
262 3315 383 3375 Graecoa
406 3314 436 3373 in
450 3335 482 3375 re
495 3316 618 3376 metrica
639 3317 731 3394 magis
754 3318 867 3389 imitati,
893 3337 978 3396 quarn
999 3317 1127 3376 aemulati
1148 3325 1226 3384 sunt,

129 3393 249 3480 Pftpriam
264 3396 418 3474 quamdam
425 3395 473 3455 ‘illi
486 3409 596 3457 sectam
611 3397 803 3471 constituunt,
817 3400 930 3477 legibus
944 3410 1081 3460 utentem
1088 3396 1228 3455 similibus

129 3471 235 3548 qudem,
246 3478 300 3536 sed
318 3477 411 3537 multo
431 3477 623 3541 liberioribus.
654 3480 756 3558 ·Apud
775 3481 828 3540 hos
842 3482 891 3539 hic
909 3501 1008 3552 versus
1023 3493 1228 3542 adamnanus

129 3555 267 3628 appellatus
281 3569 336 3630 est,
351 3558 431 3636 quod
444 3559 522 3631 idem
535 3571 580 3619 est
594 3580 629 3620 ac
653 3579 891 3633 rnrnnmarna,
906 3573 939 3620 ut
952 3561 1030 3640 apud
1044 3558 1172 3618 Gellium
1186 3557 1228 3616 11.

129 3628 164 3688 29·
174 3637 214 3696 vel
228 3658 453 3699 srsrnuaruus
469 3660 487 3711 a
504 3661 626 3701 numero
645 3643 763 3722 pedum,
784 3643 875 3721 quiin
889 3662 924 3701 eo
945 3641 1052 3718 integri
1065 3640 1173 3709 insunt,
1194 3648 1230 3697 ut

129 3715 186 3784 llud
203 3720 266 3780 Cic.
288 3724 326 3786 Q.
340 3721 429 3799 Tuae.
453 3721 478 3794 1,
501 3729 549 3783 44.
591 3724 646 3784 Usi
665 3745 701 3784 eo
723 3735 841 3791 suntet
862 3723 965 3801 tragici
985 3723 1184 3781 Romanorum
1198 3730 1230 3780 et

130 3797 222 3873 ο011ὶί01,
245 3801 407 3880 spondeum
424 3802 637 3884 ¹dactylumque
662 3805 796 3867 omnibus¹
817 3804 845 3883 in
867 3802 941 3864 locis
955 3804 1009 3863 sibi
1031 3799 1227 3878 indulgentes,

128 3885 299 3962 preterquam
323 3883 353 3940 in
366 3884 490 3962 septimo
510 3885 594 3965 pede.
637 3887 735 3945 Aede
759 3886 876 3966 dactylo
897 3887 1024 3966 quidem,
1039 3887 1076 3945 de
1098 3901 1156 3960 quo
1167 3885 1230 3959 jam

129 3967 175 4034 up,
188 3963 223 4022 V.
245 3970 274 4025 2'.
288 3964 425 4037 diximus,
450 3965 537 4025 etiarn
561 3966 633 4025 illud
656 3968 813 4027 tenendum
839 3980 892 4041 est,
906 3972 936 4026 in
960 3968 1058 4048 primis
1072 3966 1103 4023 in
1123 3976 1229 4041 quarto

127 4038 185 4108 pede
208 4045 313 4118 caveri,
337 4065 374 4104 ne
389 4045 505 4125 integra
525 4067 586 4107 vox
600 4068 636 4108 eo
660 4050 735 4126 pede
758 4050 940 4123 terminetur,
965 4051 1044 4128 quod
1067 4044 1146 4107 eo-iu
1160 4045 1229 4105 loco

126 4121 202 4195 lpllus
216 4127 339 4205 quiescit
351 4129 454 4186 varein
468 4128 615 4208 spondeo,
630 4131 685 4199 vel,
699 4131 724 4188 si
743 4130 857 4209 pesille
881 4132 1015 4210 dactylus
1028 4141 1083 4203 est,
1105 4126 1230 4186 celerius

125 4206 294 4284 conjungitur
316 4228 384 4268 cum
407 4210 499 4269 altera
521 4229 620 4269 versus
643 4223 736 4289 parte,
760 4211 783 4271 si
804 4213 977 4272 vocabulum
1001 4213 1076 4274 ultra
1089 4228 1230 4268 caesuram

123 4288 301 4374 protenditur.
342 4290 432 4349 Hanc
447 4291 524 4350 enim
549 4302 583 4350 ut
595 4293 767 4372 plerumque
789 4295 952 4365 observant,
967 4295 1008 4354 ita
1021 4309 1117 4355 tamen
1132 4291 1231 4371 saepis-

122 4377 181 4431 lune
202 4369 289 4432 etiam
302 4372 466 4453 negligunt.
508 4373 655 4435 Ceterum
676 4375 755 4455 quod
770 4375 873 4438 Reizio
893 4376 1057 4452 videbatur,
1076 4372 1236 4454 aliquanda
