2694 4866
122 294 184 354 436
302 282 307 293 '
370 290 452 353 LIB.
466 290 525 352 111.
538 289 633 354 CAP.
646 291 732 356 xlv.
753 292 813 355 DE
834 295 1060 367 morula.

204 460 333 544 xm'pm'·
345 464 373 522 eri
384 465 438 543 psl(
451 461 585 546 ἇημῦςιυς

245 545 381 620 ποιμαίας
392 549 530 611 πλείης.

123 673 236 735 Omnes
259 686 329 735 octo
351 675 502 757 conjuncti
522 685 604 735 recte
625 676 798 755 praebebunt
821 697 908 738 unam
930 680 1101 761 stropham:
1128 701 1195 741 nam
1215 684 1251 742 sic

122 775 240 837 quoque
253 777 292 816 ex
302 757 348 817 his
361 756 474 816 duabus
487 757 628 836 partibus,
650 758 775 837 quarum
787 779 846 819 una
857 772 927 833 tres,
945 760 1040 822 altera
1051 763 1186 844 quinque
1194 784 1249 825 rer·
1283 776 1285 783 '

121 856 172 897 sus
186 838 326 908 continet,
351 851 432 898 recte
445 852 572 919 apteque
586 840 761 919 totumquid
771 855 973 921 componetur:
988 856 1155 923 systemata
1162 857 1249 906 autem

122 921 284 979 manebunt
307 921 377 990 duo,
405 940 528 980 numero
548 920 580 979 in
603 921 690 981 tertio
712 938 798 982 versu
816 943 906 1003 pausa
925 924 1021 986 finito.
1061 925 1136 985 Non
1149 926 1248 1007 poteris

122 1011 221 1060 autem
246 1022 285 1062 ex
309 1001 470 1082 posteriore
497 1014 665 1080 systemate,
694 1002 824 1083 quamvis
850 1005 992 1084 longiore,
1021 1005 1099 1066 duas
1126 1008 1248 1089 stropha

121 1082 295 1145 extundere.
329 1083 486 1150 Quomodo
495 1083 572 1143 enim
586 1084 699 1144 numeri
713 1085 840 1147 decursu
852 1086 983 1147 nondum
997 1086 1084 1149 linito
1097 1091 1248 1170 stropham,

122 1182 209 1242 quarn
243 1184 313 1224 ausa
326 1165 402 1223 finiri
415 1184 536 1225 necesse
550 1177 605 1238 est,
630 1166 816 1226 terminabis?
1283 1184 1285 1223 l

162 1250 192 1307 8.
218 1186 350 1307 dortour
364 1248 429 1306 haec
442 1248 574 1319 materia,
599 1259 631 1307 ut
644 1248 745 1327 paucis
759 1247 796 1309 de
810 1249 860 1309 illo
876 1249 1099 1330 ldepbmstionis
1108 1263 1246 1334 precepto
1283 1242 1285 1297 ῗ

120 1324 225 1396 dicam,
248 1349 278 1407 p.
295 1334 341 1389 lt.
357 1330 420 1409 (26)
435 1336 487 1390 riis
500 1331 586 1412 pirgos
600 1336 632 1396 sir
646 1333 741 1391 rtbtt'ru
755 1340 912 1414 marsitas
926 1332 1001 1407 λέξιν,
1022 1333 1108 1412 quod
1120 1354 1211 1415 nuper
1222 1344 1248 1394 et

120 1409 200 1469 rixas
213 1411 387 1479 acerbiores,
409 1430 497 1490 quam
510 1430 563 1490 pro
577 1409 691 1471 tantilla
704 1431 747 1484 re,
761 1424 791 1472 et
805 1432 905 1472 versus
917 1413 1052 1473 immanis
1061 1433 1101 1475 ac
1111 1428 1247 1477 monstrn-

120 1509 180 1549 osae
193 1489 382 1570 longitudinis
395 1493 522 1572 peperit:
543 1511 667 1571 quorum
681 1492 719 1551 ad
739 1492 829 1553 instar
848 1494 872 1554 si
892 1495 1074 1573 tragicorum
1098 1509 1247 1579 systemata

120 1571 313 1651 describenda
326 1587 433 1645 essent,
457 1574 540 1633 novis
560 1573 727 1633 chartarum
747 1575 855 1644 formis,
878 1576 967 1636 immo
986 1576 1057 1636 loris
1080 1579 1245 1658 quibusdam

118 1654 228 1733 potius,
250 1674 336 1734 quam
356 1656 442 1728 foliis,
464 1675 537 1735 opus
560 1656 645 1715 foret
687 1656 747 1716 Sed
768 1656 983 1727 abstinuissent,
1005 1659 1125 1736 opinor,
1146 1662 1186 1730 ab
1207 1660 1246 1720 bis

119 1735 284 1808 conatibus,
305 1739 356 1816 qui
369 1757 448 1797 nunc
463 1749 545 1797 tanta
564 1757 632 1796 curn
654 1736 815 1817 cupiditate
838 1739 876 1798 de
897 1739 984 1818 huJus
1002 1739 1118 1800 inventi
1134 1741 1245 1821 gloriola
1279 1780 1282 1785 ·

120 1818 312 1887 contendunt,
329 1821 352 1879 si
366 1821 400 1878 iis
410 1820 439 1878 in
453 1838 556 1878 manus
569 1818 696 1879 venisset
708 1819 781 1879 liber
795 1819 935 1880 Friderici
944 1821 1091 1891 Richteri,
1104 1824 1243 1905 scripturis
1283 1836 1285 1877 :

118 1898 298 1972 facetissimi,
326 1892 414 1981 quern
440 1901 528 1979 vulgo
551 1902 697 1961 ‚loannem
723 1901 855 1961 Paullum
879 1914 996 1974 vocant,
1024 1903 1184 1984 inscriptus
1196 1907 1245 1964 boc
1283 1884 1285 1963 l

117 1980 214 2050 titulo,
238 1981 435 2063 Flageljohre:
462 1986 546 2061 cujus
570 1983 600 2039 in
614 1982 678 2041 libri
693 1983 839 2042 volumine
851 1984 954 2063 primo,
978 1984 1060 2063 quod
1080 1987 1194 2047 editum
1206 1997 1244 2046 ert
1282 1966 1285 2061 1

118 2062 263 2142 Tubingae
284 2084 310 2123 a.
337 2071 424 2124 1804.
447 2064 521 2123 mira
539 2063 743 2143 praesagitione
757 2075 787 2124 et
801 2077 977 2145 occupatum
992 2077 1038 2125 est
1051 2066 1116 2126 hoc
1130 2068 1242 2148 praelon·
1283 2096 1285 2125 ι

116 2163 221 2223 gotum
243 2165 378 2206 versuum
402 2146 565 2218 inventum,
586 2155 617 2205 et
627 2145 808 2205 festivissime
822 2145 947 2221 illusum,
969 2147 1100 2207 maxime
1114 2170 1145 2229 p.
1158 2157 1243 2212 48-et
1282 2130 1285 2201 l

117 2230 188 2289 104.
201 2237 232 2286 et
249 2233 316 2294 197.
359 2227 562 2307 Hepbaestioni
573 2227 690 2307 quidem
704 2247 761 2307 ego
774 2247 834 2288 non
845 2239 958 2287 tantum
969 2228 1108 2300 tribuam,
1122 2243 1156 2291 ut
1165 2233 1243 2310 hujus

116 2309 292 2369 auctoritate
315 2329 416 2370 verum
439 2329 502 2370 esse
523 2321 704 2389 praeceptum
721 2308 794 2368 illud
815 2309 896 2369 credi
915 2309 1012 2370 velim.
1054 2311 1161 2373 Solent
1173 2314 1243 2374 enim
1274 2288 1285 2395 i

114 2390 297 2469 grammatici
312 2411 349 2449 ex
366 2390 563 2451 usitatioribus
576 2391 718 2470 exemplis
737 2400 884 2470 praecepta
896 2410 950 2451 sua
970 2390 1157 2470 depromere,
1173 2414 1240 2474 quae,
1282 2404 1285 2477 l

116 2470 168 2529 ubi
191 2471 228 2530 ad
251 2473 359 2534 rariora
382 2483 500 2533 ventum
526 2483 580 2544 est,
605 2471 676 2532 falsa
688 2492 752 2532 esse
765 2472 920 2551 intelligas.
961 2472 1074 2532 Verum
1088 2474 1140 2536 bic
1154 2489 1242 2536 tamen

115 2552 239 2632 resipsa
252 2566 361 2628 monet,
384 2567 414 2615 et
428 2574 492 2615 esse
505 2553 615 2635 aliquid
638 2554 699 2615 veri
721 2553 752 2613 in
774 2554 824 2614 illo
847 2567 1004 2635 praecepto,
1030 2566 1062 2615 et
1082 2558 1157 2637 quid
1177 2557 1241 2616 illud

114 2634 163 2694 sit.
1283 2650 1285 2687 l

156 2722 186 2779 9.
215 2717 347 2779 Pertinet
369 2720 446 2779 enim
468 2718 506 2778 ad
529 2737 629 2778 versus
653 2737 720 2778 nou
745 2737 858 2787 naxos,
883 2716 984 2797 quales
1007 2717 1144 2798 plerique
1170 2731 1239 2780 sant.

115 2800 250 2865 Quorum
264 2801 293 2859 in
308 2801 365 2861 fine
380 2802 515 2879 quoniam
529 2819 620 2880 pausa
633 2811 662 2860 et
684 2800 830 2860 silentium
850 2799 993 2871 succedit,
1016 2813 1240 2861 consentaneum

114 2892 170 2952 est,
192 2901 331 2941 unacum
346 2902 430 2941 versu
453 2883 541 2942 etiam
565 2901 667 2942 vocem
692 2880 777 2953 finiri,
803 2902 841 2941 ne
865 2881 1039 2940 vocabulum
1065 2881 1238 2953 inchoatum,

114 2979 205 3039 pausa
219 2963 248 3019 iu
269 2962 366 3021 medio
380 2964 468 3034 facta,
485 2963 684 3041 abrumpatur,
706 2975 794 3042 atque
818 2975 941 3041 utraque
965 2964 1029 3041 ejus
1053 2982 1122 3042 pars
1145 2976 1240 3025 trunca

114 3053 146 3102 et
160 3043 261 3101 mutila
273 3044 393 3104 haereat.
433 3045 558 3104 Minime
571 3063 641 3103 vero
661 3045 698 3102 ad
718 3065 818 3105 versus
831 3064 933 3105 naxos
948 3042 1070 3104 extendi
1092 3045 1154 3107 hoc
1174 3065 1240 3127 prae·
1283 3070 1285 3129 j

114 3135 232 3202 ceptum
247 3136 354 3202 potest,
369 3126 418 3204 qui
433 3126 570 3205 quoniam
585 3144 643 3184 una
656 3129 850 3204 perpetuitate
864 3126 977 3186 numeri
992 3125 1154 3201 cohaerent,
1167 3127 1238 3187 nulls

113 3204 285 3285 interposita
299 3226 398 3286 pausa,
424 3208 494 3266 nihil
509 3218 563 3279 est,
578 3206 657 3286 quod
671 3207 746 3266 finiri
759 3228 875 3268 versum
888 3207 918 3266 in
932 3207 1029 3267 media
1048 3228 1125 3269 voce
1148 3208 1236 3291 probi·

112 3287 191 3347 beat.
235 3289 480 3351 Sraornmvero
495 3300 526 3349 et
541 3307 747 3362 srsrnnsrn,
770 3289 907 3369 quoniam
932 3308 1048 3368 semper
1072 3309 1191 3370 pausam
1212 3289 1237 3347 in
1283 3292 1285 3371 l

112 3368 173 3428 fine
187 3370 305 3444 habent,
321 3372 434 3450 integra
447 3391 531 3444 voce,
544 3383 580 3435 ,ut
594 3391 691 3430 versus
706 3391 764 3429 non
779 3371 857 3442 nexi,
872 3370 948 3429 finiri
962 3370 1081 3431 debent.
1282 3386 1285 3465 j

157 3457 205 3514 10.
226 3455 371 3532 Apertum
387 3464 442 3525 est,
457 3473 541 3514 versu
556 3453 607 3523 ita,
632 3463 664 3511 ut
678 3472 732 3511 nos
745 3453 878 3523 fecimus,
893 3451 1024 3523 definito,
1039 3453 1112 3512 nihil
1134 3454 1165 3513 in
1185 3455 1234 3513 bac
1282 3484 1285 3513 ι

111 3535 273 3611 quaestione
287 3548 338 3594 aut
352 3535 548 3613 ambiguitatis
562 3547 613 3593 aut
627 3534 811 3594 obscuritatis
832 3533 967 3614 relinqui,
988 3533 1131 3614 litemque
1154 3535 1233 3608 illam,
1282 3518 1285 3609 l

112 3633 200 3694 quam
211 3617 332 3695 ,quidam
345 3610 429 3676 ¹nobis
443 3618 607 3689 intendunt,
620 3635 679 3674 non
689 3616 719 3674 in
733 3636 773 3685 re,
789 3616 841 3676 sed
855 3615 884 3674 in
898 3616 993 3676 verbis
1006 3617 1125 3676 versari.
1166 3617 1233 3678 Nam
1282 3620 1285 3693 l

112 3696 163 3774 qui
177 3717 276 3757 versus
289 3717 382 3757 nexos
402 3713 512 3778 negant
529 3716 629 3758 versus
649 3698 794 3758 vocandos
815 3717 888 3769 esse,
909 3699 961 3758 sed
981 3700 1158 3776 systematis,
1177 3716 1233 3778 que

111 3794 150 3834 ex
165 3777 219 3837 illis
233 3779 364 3838 versibus
384 3793 531 3854 constant,
551 3799 658 3840 nomen
678 3799 813 3840 versuum
834 3780 921 3840 tribui
935 3780 1049 3853 volunt,
1070 3781 1142 3859 quid
1154 3779 1231 3850 aliud,

111 3876 199 3935 quam
214 3860 243 3917 in
265 3862 327 3920 sola
346 3880 446 3921 versus
466 3863 635 3922 definitione
656 3862 692 3921 ab
706 3862 789 3921 nobis
810 3861 974 3933 discedunt,
987 3880 1120 3940 pausam,
1134 3882 1195 3942 qure
1207 3860 1235 3918 in·

110 3937 170 3997 fine
183 3943 295 4000 numeri
317 3941 364 4014 sit,
385 3943 423 4002 ad
436 3962 550 4003 versum
564 3944 710 4023 pertinere
720 3943 905 4022 judicantes?
927 3945 971 4002 At
992 3962 1032 4003 ex
1054 3943 1110 4003 hac
1134 3964 1166 4004 re
1184 3959 1230 4002 nec
1283 3938 1285 3949 '

111 4018 187 4077 lucri
207 4023 374 4101 quidquam,
398 4035 428 4083 et
442 4044 547 4103 magna
562 4025 743 4105 perturbatio
763 4025 900 4086 nascitur.
942 4023 1023 4092 Quid
1044 4024 1143 4086 enim?
1163 4025 1232 4086 Num

110 4099 166 4159 hos
178 4120 278 4162 versus
293 4105 447 4183 Sophoclis
460 4106 490 4163 in
506 4106 575 4178 (Ed.
591 4105 656 4168 Col.
669 4112 757 4170 1215.

187 4233 242 4293 imi
256 4242 346 4296 πολλὰ
360 4240 403 4313 μὲν
417 4242 445 4298 ou‘
464 4244 566 4320 magati

185 4314 278 4398 r'tptigoer
292 4319 422 4380 tamdem
433 4319 470 4394 ii,
