2694 4866
189 249 249 313 ns
271 244 724 316 srnorrr.1urruunns
746 246 830 313 sos
850 247 1031 312 maram.
1107 252 1169 313 sco
1210 206 1222 216 ’

44 417 220 480 simillimum
234 420 310 480 enim
327 420 458 501 judicare
478 429 604 500 oportet,
617 437 667 481 ess
686 437 820 478 versuum
833 419 950 491 formas,
965 435 1036 499 quas
1049 415 1116 477 alibi
1130 436 1164 476 u·

43 514 178 580 surpatas
191 502 348 574 videamus,
361 501 483 573 facilius,
497 521 582 580 quam
591 518 681 560 novas
691 499 828 578 quasdam
838 513 926 579 atque
939 500 1066 558 insuetas
1079 517 1164 577 repo·

41 583 156 642 nendas
169 601 242 653 esse,
256 584 280 642 si
294 582 410 662 quidem
433 582 502 640 nihil
523 583 570 652 sit,
592 583 670 660 quod
684 600 848 662 repugnare
858 580 910 640 tali
923 579 1109 659 descriptioni
1122 579 1164 636 ri·

42 662 158 725 deatur.
201 664 259 722 Sed
278 663 343 722 hoec
363 682 408 725 res
428 663 524 722 adhuc
543 662 672 720 nonnihil
692 662 886 740 ambiguitatis
899 660 997 732 babet,
1010 671 1166 739 propterea

42 743 127 823 quod
139 744 238 804 multae
250 755 407 804 metrorum
421 744 521 802 formae
534 744 663 801 nondum
676 753 727 802 aut
740 743 769 802 in
784 743 879 802 lucem
889 752 1054 825 protractas,
1064 752 1115 800 aut
1125 758 1164 799 ex

42 825 126 883 omni
137 837 220 903 parte
233 825 301 884 satis
314 825 467 903 explicata
480 842 515 883 ac
526 825 724 883 determinata
742 834 820 881 sunt.
860 825 958 889 Quare
972 823 1071 900 augeri
1086 822 1168 882 dein-

42 922 278 984 cepsnumerum
291 916 425 964 notorum
445 916 475 964 et
496 904 666 963 usitatorum
686 915 843 963 metrorum
863 923 981 963 necesse
1001 913 1059 963 ests
1087 903 1166 980 quod

42 985 142 1064 ipsum
156 986 217 1045 fieri
231 1005 290 1044 non
303 997 410 1065 potest,
423 986 477 1044 nisi
498 985 553 1045 alia
566 986 623 1045 sint
637 984 753 1059 indicia,
773 1003 812 1047 ex
826 985 929 1069 quibus
942 985 1023 1043 initia
1035 983 1167 1064 finesque

42 1084 181 1125 versuum
196 1067 333 1144 cognosci
346 1066 466 1145 possint.

87 1153 116 1207 3.
132 1147 169 1205 ln
180 1146 225 1204 his
238 1148 363 1226 primurn
376 1146 472 1206 locum
486 1157 588 1207 tenent
609 1162 916 1207 rnrsnrurrcrronss
937 1157 967 1205 et
982 1163 1075 1204 arura
1091 1161 1166 1203 surt-

45 1244 259 1288 rnsrrsnurr.
301 1230 533 1289 Consentaneum
554 1239 597 1287 est
611 1228 697 1298 enim,
713 1247 802 1305 quum
815 1246 875 1287 non
887 1227 982 1286 oratio
992 1226 1101 1298 metris,
1115 1224 1168 1284 sed

45 1320 144 1368 metra
163 1307 286 1368 orationi
304 1307 440 1380 serviant,
460 1307 557 1367 sensui
586 1299 738 1368 verborum
758 1307 900 1387 potiorem
920 1308 1017 1368 locum
1032 1306 1166 1378 concedi,

43 1399 137 1466 atque
150 1388 199 1461 ibi,
213 1389 263 1448 ubi
276 1389 322 1446 vel
335 1399 398 1447 tota
421 1389 572 1460 sententia,
593 1389 639 1447 rel
661 1402 758 1468 partes
781 1391 844 1466 ejus
864 1388 1012 1461 finiuntur,
1031 1383 1170 1447 versuum

43 1488 165 1549 quoque
178 1470 315 1529 terminos
329 1469 475 1528 constitui.
525 1469 583 1528 Sed
603 1469 667 1529 haec
680 1489 797 1556 quoque
810 1488 927 1529 resnou
942 1469 1072 1528 exomni
1086 1477 1177 1547 parte*

45 1561 131 1610 certa
144 1562 198 1624 est,
211 1562 273 1609 tum
287 1549 366 1629 quod
378 1550 467 1609 semel
481 1551 645 1609 constitutis
665 1551 774 1623 metris,
795 1550 888 1610 oratio
900 1551 1050 1609 interdum
1059 1548 1120 1608 aliis
1133 1548 1169 1606 li-

44 1629 167 1690 mitibus
180 1650 252 1710 opus
266 1631 364 1701 babet,
378 1641 441 1689 tum
454 1631 532 1709 quod
554 1648 769 1710 nonnumquam
788 1632 875 1691 etiarn
889 1632 981 1690 virtus·
992 1631 1124 1709 quadam
1138 1629 1169 1687 in

46 1729 85 1772 eo
100 1722 156 1784 est,
169 1712 194 1771 si
206 1711 283 1771 ultra
295 1712 379 1770 metri
393 1712 531 1770 terminos
545 1724 593 1772 eat
607 1711 708 1771 oratio.

88 1799 119 1855 a.
135 1795 171 1853 ln
183 1792 278 1872 po’e'tis
290 1791 413 1855 scenicis
433 1793 470 1850 ad
490 1791 548 1851 hoc
567 1811 658 1869 genus
678 1792 805 1871 pertinet
825 1809 977 1854 mursrro
1002 1808 1172 1853 PERSONAR

46 1894 115 1957 qum
130 1874 197 1952 quia
220 1892 286 1934 curn
309 1871 367 1931 fine
391 1872 538 1945 orationis,
560 1884 590 1931 et
610 1891 687 1951 soepe
706 1874 793 1933 etiam
808 1891 874 1931 curn
887 1875 977 1951 pausa
991 1873 1086 1952 aliqua
1099 1892 1172 1931 con·

48 1962 152 2016 'uncta
164 1965 219 2028 est,
232 1953 371 2013 indicium
382 1953 512 2037 praebere
532 1953 606 2013 solet
619 1972 752 2015 versuum
767 1953 1066 2014 disterminandorum.
1110 1954 1170 2017 Sed

44 1979 105 2097 hac
119 2054 235 2115 quoque
248 2035 448 2093 observatione
462 2034 547 2096 'caute
559 2034 700 2099 utendum
708 2045 762 2109 est,
771 2034 906 2114 quoniam
916 2034 995 2107 haud
1003 2053 1069 2099 raro
1082 2035 1172 2095 etiarn

44 2119 79 2178 in
92 2110 195 2176 mediis
207 2116 337 2175 versibus
350 2126 498 2174 mutantur
510 2134 651 2198 persona.

88 2203 120 2260 t.
134 2196 226 2257 Aliud
247 2196 385 2256 indicium
408 2195 482 2257 finiti
504 2215 603 2256 versus
624 2197 654 2254 in
678 2214 756 2256 rrrm
779 2212 946 2256 vocsautr
967 2195 1095 2275 positum.
1116 2208 1170 2257 est.
1192 2246 1196 2261 .

46 2280 121 2342 Hoc
135 2277 251 2362 quidem
264 2278 303 2337 ad
315 2296 366 2338 eos
379 2288 492 2340 tantum
505 2296 614 2348 versus,
624 2296 696 2356 quos
707 2296 764 2336 non
774 2295 865 2336 nexos
878 2277 1093 2356 appellavimus,
1104 2297 1172 2357 per-

46 2361 138 2429 tinen
157 2371 220 2420 tum
234 2357 271 2418 ad
289 2369 478 2438 systematum
498 2357 837 2438 stropharumque-fines..
872 2358 908 2416 ln
922 2359 1026 2436 quibua
1038 2359 1173 2418 omnibus

47 2441 188 2525 quoniam
200 2458 290 2519 pausa
301 2439 443 2511 succedit,
463 2458 614 2518 perperam
627 2440 704 2498 eain
718 2439 814 2498 medio
827 2439 968 2500 vocabulo
981 2440 1173 2499 constituere·

45 2536 111 2597 tur,
122 2533 157 2582 nt
171 2539 271 2601 supra,
285 2540 376 2601 quum
390 2521 427 2578 de
440 2521 595 2599 generibus
607 2538 744 2582 uersuum
757 2520 978 2600 disputaremus,
993 2520 1173 2582 demonstra·

44 2616 112 2669 tum
126 2613 181 2664 est.
222 2602 282 2662 Sed
301 2621 339 2660 ne
358 2601 416 2660 hoc
435 2600 551 2681 quidem
565 2601 702 2665 indicium
716 2601 801 2686 plane
815 2611 927 2662 certum
940 2599 1101 2680 putandum
1115 2612 1172 2676 est,

89 2683 299 2747 aminterdum
312 2700 412 2742 versus
432 2682 519 2742 etiam
539 2683 618 2741 nulla
641 2681 835 2763 perpetuitate
855 2681 968 2740 numeri
981 2700 1171 2762 cum1praece÷

36 2828 39 2833 ,
108 2777 140 2827 ts
159 2766 344 2843 conjunctus,
363 2762 480 2824 adnecti
500 2763 528 2822 ei
548 2760 641 2825 urbo
659 2761 920 2846 vocabulopossit,
942 2774 974 2822 ut
995 2761 1025 2820 in
1050 2762 1170 2843 stropha

47 2845 199 2928 Sapphica
210 2844 274 2905 fieri
293 2863 381 2927 supra
394 2845 586 2905 ostendimusa
603 2862 664 2902 neo
682 2842 823 2902 Pindarus
842 2841 873 2900 id
885 2841 939 2902 sibi
952 2862 1012 2904 non
1024 2843 1112 2905 licere
1122 2848 1171 2925 ju·

45 2927 176 2993 dicarit:
194 2926 243 3010 qui
256 2944 346 3005 quum
359 2926 390 2985 in
404 2925 454 2986 01.
468 2925 551 2988 XIV.
563 2925 711 3008 stropham
724 2923 766 2984 ita
778 2923 942 3004 incepisset,

132 3043 261 3123 Karystios
274 3040 370 3105 didm
384 3049 520 3121 λαχοῦσι,

131 3126 188 3186 sior
201 3124 278 3185 uuirt
289 3121 551 3205 uthisuhrri'dgaer,
585 3192 587 3196 Ι

42 3251 79 3313 io
92 3242 274 3327 antistropha
286 3245 410 3325 scripsit,

18 3380 21 3385 '
85 3384 89 3389 '
131 3360 353 3439 fortissimis,
368 3364 470 3437 φιλησί-

130 3443 216 3522 porri
228 3445 252 3504 τ’
264 3444 420 3525 Elapso-ita,
435 3446 497 3504 aar
508 3443 659 3526 sgaerr'rms

48 3558 175 3640 Frustra
188 3557 265 3617 enim
278 3576 341 3617 esse
354 3569 435 3636 puto,
450 3556 500 3639 qni
512 3557 577 3617 hoec
597 3555 768 3637 corrigenda
779 3566 894 3640 putant.

79 3642 123 3715 ¹60
138 3637 249 3698 Sedulo
262 3637 350 3697 etiam
364 3638 571 3698 attendendum
586 3650 630 3697 est
642 3638 683 3698 ad
694 3656 871 3698 srsnsasu
893 3652 1029 3698 narvsrr
1045 3657 1080 3698 rrt
1094 3656 1172 3698 rins

47 3736 179 3781 nasus
193 3737 351 3779 rostram·
391 3720 468 3781 Nam
482 3739 570 3799 quum
585 3717 685 3778 ultima
697 3739 831 3779 versuum
841 3717 950 3799 syllaba
963 3720 1054 3779 multo
1068 3719 1173 3797 sapius

46 3794 153 3879 l'onga,
162 3812 253 3878 tynam
265 3801 360 3859 brevis
380 3820 442 3860 esse
462 3800 569 3871 soleat,
584 3799 621 3860 de
635 3818 692 3879 qua
704 3820 737 3859 re
751 3800 811 3858 dixi
825 3800 855 3857 in
868 3800 978 3878 praeibt.
992 3801 1029 3859 ad
1044 3800 1173 3880 Orphica

47 3902 81 3963 p.
95 3886 127 3942 9.
140 3880 295 3975 soepissime
309 3881 404 3941 brevis
417 3882 527 3961 syllaba
539 3882 569 3939 in
582 3880 640 3940 line
653 3880 746 3959 posita
765 3880 903 3940 indicium
918 3893 962 3940 est
975 3883 1086 3940 numeri
1099 3902 1173 3942 non-

42 3959 126 4023 ·dum
138 3959 222 4033 finrtr,
237 3962 289 4021 sed
308 3961 423 4040 longius
443 3961 662 4042 progredientis.
704 3963 802 4028 Quare
821 3962 846 4020 si
859 3962 924 4040 quis
937 3980 1034 4021 versus
1047 3981 1130 4041 aeque
1143 3965 1174 4025 in
1274 3977 1275 3980 ’

13 4054 16 4059 ’
47 4041 175 4120 stropha
187 4053 221 4101 ut
233 4042 265 4101 in
277 4043 455 4122 antistropha
468 4043 548 4102 brevi
557 4042 666 4121 syllaba
676 4042 783 4113 finitur,
794 4042 962 4121 plerumque
974 4044 1174 4105 continuatum

48 4121 298 4204 deprehendimus
319 4143 482 4197 numerum,
503 4142 560 4183 nec
579 4123 666 4182 finem
685 4142 784 4182 versus
805 4143 840 4182 eo
859 4123 926 4183 loco
940 4124 1076 4185 constitui
1089 4146 1174 4205 posse¹

49 4202 253 4301 '’elligimus,
277 4203 365 4287 idque
389 4215 471 4266 tanto
492 4205 610 4280 certius,
630 4223 688 4285 quo
707 4205 805 4284 plures
817 4215 885 4265 sunt
898 4204 1035 4316 strophae,
1050 4219 1083 4266 ut
1096 4207 1174 4288 apud
