2694 4866
193 283 273 345 LIB.
286 282 345 347 111.
359 281 452 345 CAP.
466 280 567 346 XXII.
588 280 648 343 DE
663 280 798 343 cARM.
818 277 1032 342 CHORICIS.
1054 300 1058 313 .
1111 276 1172 342 473

356 738 358 742 ‚
459 620 582 697 'CAR
608 621 736 698 XXII.

336 835 387 888 DE
414 833 650 884 CARMINIBUS
678 832 868 885 ciroltlms.

89 1043 106 1063 .
128 999 326 1061 Pamcrruus
340 1006 385 1057 est
400 995 676 1074 antistrophi-corum
689 1013 760 1056 usus
779 995 810 1053 in
834 994 1009 1055 carminibus
1032 991 1166 1053 choricis.

119 1082 188 1141 hac
212 1078 340 1139 carmina
365 1076 609 1156 quemadmodum
633 1077 709 1136 Inter
729 1096 760 1136 se
775 1076 837 1155 ipsa
850 1075 996 1148 differunt,
1011 1076 1052 1134 ita
1066 1074 1164 1146 etiam,

89 1163 118 1225 d
132 1163 172 1223 ad
186 1160 327 1221 rationem
348 1158 586 1239 antistrophicam
606 1157 721 1231 attinet,
742 1157 851 1237 aliquid
865 1157 1036 1217 diversitatis
1045 1157 1164 1215 habent.

89 1263 161 1324 quor
174 1253 273 1302 autem
287 1260 366 1300 nunc
380 1239 417 1300 de
431 1241 466 1300 iis
479 1251 593 1299 tantum
607 1239 740 1312 canticis,
751 1259 816 1319 quae
826 1240 863 1297 ab
876 1239 1043 1299 solochoro
1058 1257 1167 1297 canun-

106 1345 170 1389 nou
185 1324 222 1384 de
235 1323 279 1394 iis,
293 1322 324 1380 in
339 1321 444 1402 quibus
464 1321 552 1381 etiam
577 1332 710 1381 actorum
730 1321 835 1400 aliquae
848 1331 945 1400 partes
957 1332 1036 1380 suut.
1081 1321 1121 1377 Et
1136 1319 1166 1377 in

89 1407 183 1469 mdia
196 1404 314 1484 quidem
327 1403 492 1482 longiorum
506 1402 589 1462 chori
602 1402 763 1462 carminum
783 1402 842 1461 duo
862 1421 972 1481 genera
991 1420 1169 1461 commemo·

91 1506 150 1561 ur,
165 1487 303 1566 parodus,
318 1497 348 1545 et
362 1485 521 1545 stasimum.
535 1483 710 1545 Aristoteles
724 1484 762 1544 dc
775 1495 838 1544 arte
852 1485 932 1561 poe't.
946 1503 974 1544 c.
992 1487 1037 1552 12,
1054 1487 1082 1547 7.
1097 1509 1168 1567 xop-

89 1568 130 1644 fl,
147 1567 260 1651 migades
272 1569 327 1645 μὲν,
342 1571 354 1632 ἧ
370 1568 458 1651 πςῦτη
472 1567 538 1640 λέξις
551 1567 612 1627 ἕλον
625 1576 712 1648 nigri·
727 1565 851 1642 στάσιμον
865 1563 899 1635 di,
912 1567 988 1642 μίλος
1002 1594 1036 1644 χο
1053 1574 1081 1626 οὔ
1095 1573 1123 1626 τὸ
1137 1563 1171 1626 s'i·

89 1651 250 1712 asarm'mv
270 1653 317 1711 aad
339 1651 469 1731 τςοχτττόυ.
512 1646 688 1710 scholiastes
702 1645 848 1725 Euripidis
862 1646 1000 1705 metricus
1013 1593 1051 1706 ati
1066 1645 1170 1704 Phoen.

89 1773 106 1792 .
121 1732 155 1791 in
169 1730 218 1791 ed.
232 1728 338 1790 Valck,
357 1738 431 1791 τοῦτο
451 1736 479 1789 τὶ
500 1729 575 1808 pilae
588 1728 710 1806 τττίτιμον
724 1728 836 1801 riwes.
852 1727 911 1786 isaar
923 1731 977 1810 yalg
991 1731 1006 1787 ὅ
1017 1734 1091 1811 χοςὶς
1104 1731 1171 1804 prasi

89 1810 201 1896 tripodes
214 1812 274 1893 hipp
288 1840 313 1871 τι
325 1812 411 1889 piace,
425 1817 510 1874 siriam
530 1814 562 1889 τῇ
581 1810 706 1881 modicas,
720 1812 829 1875 ὦκίνητος
848 1809 932 1886 μένω,
947 1808 1071 1886 στάσιμον
1082 1814 1170 1870 aethri-

94 1892 220 1976 ττίςοδος
233 1891 259 1954 ii
272 1895 336 1953 intr
351 1890 399 1971 aidi
412 1899 491 1973 moi
501 1888 658 1968 βαδίζοντος,
673 1888 776 1971 ᾆῖομίτη
785 1889 847 1968 ἅμα
859 1893 892 1970 τ’ἷῐ
903 1887 982 1968 ἔξᾶἔᾳ,
997 1890 1027 1957 ὣς
1041 1895 1079 1961 τὶ,

116 2010 196 2082 σῖγα,
210 2014 283 2082 σῖγα·
297 2012 390 2067 hemis
403 2006 472 2084 ἴχνος
486 2004 599 2088 nigritiam

115 2091 210 2151 τίθετε.

89 2227 100 2244 .
121 2186 194 2245 Non
208 2205 247 2244 ex
261 2184 340 2245 omui
353 2194 438 2264 parte
449 2182 636 2243 consentiunt
648 2182 695 2242 ha
708 2182 891 2243 definitiones
900 2183 1012 2262 parodi.
1053 2184 1170 2245 Nomen

89 2267 306 2339 walderamus,
316 2265 412 2327 verior
422 2265 568 2324 ridebitur
577 2263 823 2324 scholiastaeillius
833 2265 997 2326 sententia:
1017 2266 1069 2325 sed
1080 2286 1169 2345 quum

105 2347 206 2431 possit
219 2347 355 2419 dubitari,
380 2346 450 2427 quin
475 2346 622 2407 interdum
646 2347 761 2415 chorus,
789 2347 838 2405 ubi
860 2347 985 2426 primum
1006 2348 1095 2418 canit,
1110 2368 1170 2407 non

89 2447 121 2492 ts
136 2440 235 2501 canat,
243 2429 295 2489 sed
308 2439 360 2490 aut
370 2428 558 2500 hemichoria,
568 2438 619 2487 aut
633 2427 738 2507 singuli
752 2427 839 2487 etiam
850 2439 995 2501 emtores,
1007 2427 1085 2488 haud
1099 2431 1170 2499 scio,

89 2511 279 2580 Aristoteles,
295 2511 346 2590 qui
367 2528 427 2569 non
441 2520 552 2570 temere
565 2509 681 2568 videtur
700 2510 790 2569 totius
811 2510 892 2569 chori
915 2509 965 2568 hic
988 2513 1167 2572 mentionem

89 2609 154 2667 sse,
168 2612 228 2652 non
243 2610 457 2671 quemcumque
470 2592 596 2671 primum
610 2591 692 2649 chori
706 2601 834 2662 cantum,
849 2592 1033 2670 sedprimum
1045 2612 1172 2652 coricen-

113 2674 245 2736 universi
259 2673 342 2733 chori
363 2672 490 2750 intelligi
513 2671 646 2732 voluerit.
697 2673 757 2737 Qui
778 2674 832 2731 etsi
846 2693 923 2752 saepe
937 2692 955 2733 a
967 2675 1085 2733 stasimo
1099 2675 1171 2732 nihil

89 2775 155 2817 true
169 2754 295 2829 ridetur,
308 2766 408 2815 tamen
428 2774 488 2813 non
508 2754 645 2813 abhorret
664 2773 682 2813 a
702 2752 959 2827 verisimilitudine,
981 2759 1172 2834 conjunctum

89 2855 97 2891 ι
118 2838 212 2898 fuisse
225 2857 295 2896 cum
307 2836 424 2896 incessu
437 2836 564 2914 quodam
578 2834 669 2904 chori,
680 2835 836 2894 stationem
849 2854 931 2896 suam
944 2836 1126 2916 occupantis,
1141 2848 1172 2896 et

89 2935 159 2982 nes
173 2918 363 2999 explicantis:
384 2937 472 2997 quam
485 2936 575 2977 rema
588 2916 711 2976 stasimis
725 2916 849 2977 alienam
861 2918 949 2978 fuisse
964 2919 1103 2991 credibile
1118 2929 1173 2979 est.

89 3036 101 3056 .
132 3003 192 3072 Ac,
207 2999 263 3059 nisi
276 3000 372 3076 scallor,
392 3000 481 3060 etiam
505 2999 535 3056 in
556 2999 741 3079 stropharum
765 2999 879 3059 ratione
900 3010 945 3060 est
958 2999 1077 3079 aliquid,
1093 3001 1173 3080 quod

89 3083 143 3141 >di
167 3081 317 3162 proprium
341 3081 389 3142 sit.
440 3081 608 3159 Utrumque
627 3099 731 3159 genus,
745 3091 776 3140 et
789 3082 915 3160 paredus
929 3093 959 3141 et
971 3083 1098 3152 stasima,
1113 3084 1172 3141 hoe

89 3179 198 3224 [mune
210 3163 321 3222 habent
336 3162 415 3242 quod
428 3160 638 3240 antistrophica
651 3171 730 3233 sunt,
744 3162 902 3240 etquidem
916 3163 966 3232 ita,
977 3175 1009 3222 ut
1022 3165 1172 3242 stropham
1252 3154 1254 3161 ’

89 3237 139 3304 im
153 3255 293 3324 sequatur
307 3243 498 3322 antistropha,
509 3243 590 3301 etsie
600 3241 749 3321 deinceps,
759 3243 783 3299 si
794 3261 911 3301 carmen
921 3263 981 3303 non
995 3263 1034 3304 ex
1047 3246 1170 3314 duabus,

95 3343 146 3386 ex
161 3326 292 3404 pluribus
305 3324 431 3404 strophis
445 3333 571 3383 constat.
605 3322 666 3380 *Ere
685 3322 812 3402 strophae
836 3336 935 3383 antem
956 3322 1009 3387 etsi
1023 3325 1171 3386 interdum

89 3407 188 3467 simili
211 3408 320 3487 genere
342 3405 430 3466 metri
453 3405 540 3464 factae
560 3414 639 3473 sunt,
654 3414 753 3464 tamen
766 3404 880 3484 singula
893 3406 1078 3484 stropharum
1091 3409 1173 3488 paria

89 3503 114 3542 ·r
131 3510 163 3550 se
178 3489 291 3550 diversa
304 3499 380 3549 sunt
423 3485 556 3547 Proodus
576 3487 606 3544 iu
627 3497 733 3545 neutro
745 3506 854 3566 genere
869 3498 1024 3567 usurpatur
1031 3513 1040 3559 ;
1060 3490 1173 3568 epodus

89 3585 96 3620 ι
115 3582 164 3630 est
177 3571 350 3630 necessaria.
1203 3616 1206 3619 -

89 3671 110 3705 ³·
129 3653 190 3712 Sed
204 3652 291 3732 epodi
305 3671 371 3724 usu,
386 3661 419 3709 ut
432 3649 557 3720 videtur,
573 3647 670 3722 differt
681 3649 808 3728 paredus
821 3669 839 3709 a
851 3649 979 3710 stasimo.
1021 3651 1099 3710 Nam
1112 3663 1172 3712 sta·
1230 3669 1235 3679 ’

91 3745 113 3789 a
127 3734 256 3814 epodum
271 3753 329 3792 non
342 3732 398 3791 nisi
412 3731 442 3790 in
452 3731 511 3790 fine
524 3730 614 3790 totius
627 3731 762 3790 carminis
774 3731 893 3803 habent,
908 3733 1100 3794 ubiabshluta
1109 3737 1172 3812 jam

101 3816 350 3894 antistrophamm
363 3812 532 3895 responsio:
566 3811 707 3891 Idemque
720 3812 783 3872 fieri
797 3825 894 3893 potest
907 3815 995 3874 etiam
1008 3814 1038 3872 in
1048 3817 1171 3894 paredo,

90 3888 123 3952 in
138 3897 303 3976 Hippolyto
316 3894 456 3956 videmus.
498 3894 559 3954 Sed
578 3894 690 3972 aliquot
710 3896 846 3975 exempla
858 3896 960 3975 paredi
973 3896 1171 3970 inveniuntur,

89 3975 174 4037 nuum
188 3980 217 4037 ln
229 3978 326 4037 medio
336 3976 463 4038 carmine
476 3975 633 4036 habentiar
653 3977 732 4055 quod
746 3995 836 4056 quum
849 3997 991 4057 nusquam
1005 3979 1116 4039 factum
1130 3983 1174 4056 vi-

89 4068 131 4117 tm
145 4060 175 4118 in
189 4059 323 4133 stasimis,
338 4058 487 4139 proprium
497 4057 527 4117 id
536 4057 639 4138 paredi
649 4076 712 4118 esse
725 4069 807 4139 puto.
847 4061 894 4119 Ita
908 4060 939 4118 in
953 4060 1087 4141 AEschyli
1102 4065 1172 4123 Per-

101 4151 129 4198 et
144 4144 376 4219 Agamemnone,
391 4141 421 4198 in
437 4139 583 4220 Euripidis
599 4139 705 4200 Oreste
719 4152 749 4200 et
764 4140 931 4202 Phoenissis.
974 4142 1125 4223 Simulque
1138 4144 1172 4202 il-

89 4215 139 4279 iin
154 4225 260 4282 Oreste
274 4222 442 4303 exemplum
463 4222 635 4281 confirmare
648 4222 793 4282 videbitur
806 4223 907 4304 parodi
922 4223 1120 4285 definitionem
1134 4228 1171 4285 ab

89 4301 204 4364 istotele
219 4306 352 4386 positam.
395 4304 473 4362 Nam
486 4322 576 4383 quum
596 4303 714 4376 chorus,
728 4305 778 4364 ubi
791 4305 917 4384 primum
931 4305 961 4365 in
972 4326 1089 4368 scenam
1103 4328 1171 4395 pro·

90 4428 98 4457 ‚
112 4405 146 4446 ea
159 4386 249 4458 dicat,
264 4407 330 4467 quae
343 4385 511 4447 scholiastes
527 4384 675 4466 Euripidis
688 4385 782 4461 affert,
796 4407 824 4448 v.
841 4393 907 4451 140.

115 4492 188 4559 cipe,
204 4492 276 4560 cipes,

562 4564 623 4624 30
