2694 4866
267 272 327 342 DE
349 276 533 344 COMPOS.
555 278 722 344 NUMER.
745 278 972 344 UNlVEliSE.
1128 286 1192 349 429

97 454 130 518 '!.
152 449 213 512 Sed
225 451 468 530 quemadmodum
485 461 563 510 totus
577 469 715 511 numerus
728 462 825 531 aptam
837 451 1069 513 terminationem
1078 453 1190 514 habere

55 533 158 607 debet,
173 533 215 593 ita
228 533 315 592 etiam
329 534 450 612 singulae
464 537 526 613 ejus
539 544 637 612 partes
652 534 811 592 curandum
826 545 870 593 est
885 546 917 594 ut
931 536 1051 594 idoneos
1065 534 1137 594 fines
1150 553 1188 594 ac

56 617 200 677 terminos
227 614 363 674 babeant.
416 620 516 693 Atque
540 614 603 675 haec
626 634 694 694 pars
717 615 900 675 tractationis
923 616 953 673 in
976 615 1188 677 constituendis

57 712 206 758 cmsnms
227 696 366 769 cernitur,
387 697 465 775 quod
487 697 532 755 his
552 708 649 775 partes
670 699 811 775 cujusque
835 698 949 756 numeri
973 699 1191 759 discernuntur.

57 781 244 841 Coesurarnm
259 791 357 838 autem
379 778 646 838 constituendarum
669 779 769 856 regula
789 779 852 838 haec
872 780 1053 858 potissimum
1074 791 1129 852 est,
1150 798 1190 838 ne

56 873 159 941 portet
173 863 284 920 numeri
299 859 418 918 nimium
432 860 548 929 similes,
570 862 727 918 nimiumve
747 860 898 920 dissimiles
917 861 1008 924 fiant:
1027 863 1056 919 in
1077 880 1135 940 qua
1156 881 1190 920 re

56 953 159 1002 men
173 953 204 1002 et
217 941 331 1001 numeri
351 944 496 1021 quusque
515 953 546 1001 et
565 941 624 1001 loci
644 953 674 1002 et
694 943 858 1020 argumenti
879 943 1009 1003 conditio
1029 944 1190 1023 spectanda

56 1036 114 1086 ui.
1195 1044 1205 1057 ⁴

100 1111 132 1166 8.
154 1099 291 1165 Secunda
303 1124 370 1184 pars
383 1103 575 1177 tractationis,
590 1103 669 1184 quod
683 1104 721 1165 ad
734 1105 864 1184 singulos
878 1126 1013 1166 numeros
1027 1106 1142 1179 attinet,
1157 1105 1192 1165 in'

58 1205 228 1247 mansuram
243 1207 297 1245 usu
309 1185 403 1265 posita
418 1199 471 1246 est.
512 1187 643 1247 Multum
657 1186 778 1246 interest
791 1187 879 1258 enirn,
895 1200 992 1248 utrum
1010 1188 1190 1248 solutionum

58 1268 181 1328 levitate
194 1268 350 1327 volubilem
365 1288 517 1328 numerum
531 1268 647 1340 reddas,
661 1287 699 1327 an
719 1270 952 1329 contractionum
973 1269 1103 1350 pondere
1123 1290 1190 1348 gra·

58 1370 127 1411 vem
142 1351 204 1409 lieri
224 1350 303 1409 velis.
344 1352 412 1416 Qua
425 1350 455 1407 in
470 1370 501 1409 re
515 1351 564 1429 qui
575 1355 686 1431 justum
701 1361 963 1428 temperamentum
977 1352 1116 1411 adhibere
1136 1372 1189 1412 ne·

59 1432 188 1511 gligunt,
202 1431 314 1491 etiamsi
329 1431 399 1489 nihil
414 1432 546 1490 illicitum
560 1433 725 1502 admittant,
747 1443 845 1491 tamen
866 1433 912 1492 vel
933 1433 1113 1492 venustatem
1134 1454 1190 1492 nu·

60 1512 136 1574 meri
150 1514 286 1592 perdunt,
302 1513 376 1571 sicut
397 1513 543 1572 recentior
563 1513 706 1592 tragoedia
727 1513 756 1571 in
778 1515 908 1575 versibus
928 1515 1058 1574 iambicis
1079 1527 1109 1575 et
1129 1526 1191 1574 tro-

62 1595 174 1656 clraicis
187 1595 268 1666 iecit,
283 1595 328 1653 vel
342 1614 402 1654 non
416 1595 456 1666 id,
478 1596 556 1674 quod
576 1608 704 1674 possent,
727 1609 954 1675 consequuntur,
981 1608 1013 1655 ut
1034 1597 1057 1655 si
1080 1597 1144 1676 quis
1161 1597 1192 1655 in

59 1678 194 1736 versibus
218 1675 396 1737 dochmiacis
419 1676 465 1736 vel
486 1677 666 1756 anapaesticis
686 1677 785 1736 tardos
806 1679 970 1755 citatosque
990 1677 1085 1757 pedes⁴
1103 1698 1192 1758 argu·

59 1770 164 1819 mento
177 1757 398 1818 accommodare
412 1759 532 1818 nesciat.

103 1846 135 1902 9.
156 1840 257 1900 Tertia
270 1838 396 1918 denique
417 1859 493 1918 pars,
515 1858 601 1918 quam
622 1839 651 1897 in
673 1839 853 1919 singulorum
873 1858 1062 1899 numerorum
1083 1852 1191 1901 tracta·

49 1921 145 1991 ,tione
168 1921 351 1980 considerare
379 1921 525 1990 convenit,
554 1921 583 1978 in
612 1939 844 1981 arcsnrranun
874 1940 927 1979 usu
955 1927 1096 1983 versatur.
1136 1923 1193 1983 Est

61 2015 162 2064 autem
177 2004 283 2082 triplex
298 2003 372 2061 ratio
386 2002 583 2061 licentiarum:
606 2023 672 2062 nam
688 2002 781 2062 autin
796 2021 1007 2063 censurarum
1023 2004 1192 2063 ossenbr-

62 2103 166 2145 rronn
189 2084 236 2145 vel
260 2103 489 2144 nncnscrronn
515 2097 684 2155 cernuntur,
709 2084 845 2163 quoniam
870 2085 987 2163 quidam
1011 2105 1121 2157 versus,
1145 2087 1193 2145 vel

61 2165 197 2246 quadarn
210 2178 381 2244 argumenta
395 2185 519 2225 caesuras
532 2167 623 2245 magis
643 2167 774 2225 minusve
795 2167 935 2225 custodiri
954 2167 1120 2246 postulant3
1140 2179 1193 2228 ant

61 2248 93 2306 in
115 2266 281 2308 mansuram
301 2248 389 2306 modo
413 2250 514 2326 positae
537 2260 615 2318 sunt,
639 2268 727 2325 quum
752 2249 800 2307 alii
824 2267 933 2319 versus,
956 2261 989 2306 ut
1013 2249 1194 2317 comicorum

62 2329 163 2402 iambi,
177 2331 222 2388 vel
236 2330 386 2408 epicorum
401 2329 548 2409 dactylici,
562 2329 743 2389 irrationales
763 2329 853 2409 pedes
874 2330 1039 2403 admittant,
1060 2331 1108 2390 alii
1129 2330 1195 2388 dili-
1280 2326 1283 2332 ’

63 2424 172 2491 genter
192 2412 299 2471 servari
321 2412 466 2492 propriam
491 2431 655 2471 mensuram
670 2411 777 2481 velint;
798 2423 848 2471 aut
873 2411 999 2492 denique
1022 2431 1196 2472 rnosonrar

63 2505 296 2572 temperamento
311 2492 509 2563 continentur,
524 2492 602 2572 quod
616 2493 678 2551 aliis
692 2493 837 2565 aetatibus,
847 2493 909 2553 aliis
919 2494 948 2551 in
960 2495 1115 2573 generibus
1130 2514 1195 2555 car·

63 2575 187 2646 minum,
202 2574 264 2634 aliis
279 2575 308 2631 in
322 2576 500 2652 argumentis
513 2574 592 2633 aliud
607 2595 669 2633 esse
684 2587 807 2635 constat.

107 2662 157 2718 10.
179 2656 274 2716 Venio
288 2657 326 2714 ad
340 2674 491 2716 rnunrunr
508 2674 720 2716 numerosum
732 2674 1017 2718 connuncrronnrr.
1059 2660 1094 2718 In
1108 2658 1194 2738 hujus

65 2739 243 2799 tractatione
264 2737 358 2816 primo
382 2754 621 2798 concaunnrrn
642 2757 829 2796 numerorum
850 2741 1009 2816 spectanda
1029 2749 1083 2800 est.
1124 2742 1195 2806 Quo
1235 2774 1238 2781 ι

64 2821 97 2880 iat
111 2839 221 2898 genere
234 2819 408 2886 admirabilis
423 2821 552 2881 cernitur
565 2832 696 2878 veterum
710 2839 756 2878 ars
770 2833 800 2879 et
814 2819 956 2880 sollertia:
980 2825 1063 2901 cujus
1077 2839 1195 2889 caussas

65 2903 239 2974 strutiones
252 2902 276 2959 ai
298 2901 363 2979 quis
384 2903 413 2958 in
434 2901 553 2980 singulis
573 2900 715 2979 exemplis
734 2901 909 2979 investigare
929 2914 1018 2981 atque
1038 2902 1197 2981 explanare

65 2982 167 3055 vellet,
181 2983 274 3042 multa
287 2983 375 3041 docte
388 2995 506 3060 possent
529 2995 560 3042 et
580 2982 725 3042 subtiliter
745 2983 901 3062 disputari:
924 2986 976 3043 sed
994 2985 1110 3044 initium
1132 2985 1199 3063 quis

63 3064 182 3125 facilius
205 3064 235 3122 in
259 3065 315 3123 hac
335 3064 466 3135 materia,
491 3082 578 3142 quarn
602 3065 688 3124 finem
714 3064 866 3125 inveniret.
908 3067 1012 3144 ltaque
1036 3068 1193 3145 praestabit,

66 3147 183 3227 opinor,
197 3165 256 3205 uno
270 3146 301 3203 in
314 3147 451 3223 exemplo
468 3145 632 3218 ostendere,
648 3165 794 3216 numeros,
809 3147 859 3224 qui
868 3147 1014 3225 aptissime
1026 3149 1195 3218 concinunt,

67 3227 115 3288 vel
124 3228 287 3308 perexigua
299 3227 461 3286 mutatione
474 3227 515 3286 ita
528 3225 718 3286 inconcinnos
733 3227 825 3298 reddi,
841 3239 874 3285 ut
887 3229 968 3286 nullo
981 3230 1069 3288 modo
1080 3231 1155 3289 inter
1164 3248 1196 3288 se

67 3321 244 3388 eaugruant,
259 3328 408 3387 unumque
429 3309 575 3389 quoddam
589 3327 625 3368 ac
645 3319 740 3368 toturn
761 3307 897 3368 efficiant.
939 3309 1014 3369 Nam
1036 3311 1101 3389 quis
1120 3311 1196 3370 ferat

66 3389 238 3472 hujusmodi
251 3391 415 3470 stropham:

139 3506 282 3564 Descende
295 3509 371 3574 caelo,
383 3519 411 3562 et
422 3508 474 3574 dic,
486 3525 543 3580 age,
555 3506 620 3562 tibia

139 3579 229 3650 regina
240 3579 348 3650 longum
361 3580 500 3651 Calliopea
512 3579 605 3645 melos,

84 3676 96 3691 ··
175 3666 223 3706 seu
234 3668 301 3706 voce
312 3668 383 3705 nunc
396 3652 477 3706 mavis
489 3661 576 3715 acuta,

209 3739 258 3776 seu
268 3723 364 3777 fidibus
376 3722 464 3794 lyrave
476 3723 568 3777 Phoebi
578 3747 584 3777 r

67 3834 212 3886 ettamen
225 3825 322 3884 nullus
336 3837 381 3885 est
394 3826 499 3886 horum
513 3844 657 3900 versuum,
673 3825 743 3904 quin
758 3843 811 3905 per
824 3843 857 3884 se
876 3825 969 3885 boam
989 3825 1027 3884 sit
1048 3834 1078 3885 et
1098 3802 1206 3906 reptes

67 3906 218 3966 hensionis
230 3925 345 3985 expers.

114 3993 162 4050 11.
185 3988 322 4047 Secundo
343 3989 409 4047 loco
430 3988 467 4048 de
488 4008 576 4049 nexu
597 4008 782 4047 numerorum
798 3987 954 4047 videndum
969 3989 1024 4048 est.
1066 3989 1199 4050 Multum
1251 4018 1255 4033 =

68 4069 149 4130 enim
164 4069 263 4141 refert,
279 4090 337 4149 quo
352 4089 479 4143 unnnu,
494 4091 553 4150 quo
567 4089 668 4144 nonu,
683 4088 741 4148 qua
754 4089 983 4131 couvrnsmna
1003 4070 1072 4130 nexi
1088 4073 1198 4152 juncti·

69 4171 130 4231 que
142 4151 201 4210 sint
215 4152 338 4211 numeri.

110 4237 161 4299 la
187 4234 224 4291 bt
245 4250 379 4310 annuus
401 4234 518 4313 quidem
539 4232 676 4313 nectendi
696 4244 756 4291 tres
776 4243 862 4293 sunt:
882 4233 994 4311 primus
1014 4235 1063 4312 qui
1084 4236 1113 4293 in
1137 4234 1199 4294 sola

65 4329 342 4379 contreunrrons
355 4316 468 4396 positus
481 4327 536 4392 ert,
550 4334 641 4395 quum
653 4313 719 4376 linis
736 4333 871 4378 versuum
892 4314 979 4373 etiam
1001 4316 1113 4375 numeri
1134 4316 1200 4376 finis
