2694 4866
246 373 249 379 .
288 313 347 376 DE
367 313 479 389 anst,
499 312 640 402 THESI,
662 313 717 374 ΕΤ
737 313 968 378 ANACRUSI.
1171 325 1191 381 t

50 477 136 540 niam
149 496 246 560 nequa
258 477 380 540 ellectns
393 497 507 551 caussa,
527 498 624 558 neque
637 497 740 538 caussa
753 478 860 539 effectu
875 498 976 541 carere
989 491 1095 560 potest,
1119 501 1186 542 nus·

54 578 146 642 quam
160 580 257 641 neque
267 578 371 622 caussa
383 561 556 634 inveniatur,
577 561 810 641 quamprimum,
832 581 929 640 neque
948 561 1079 634 effectus,
1102 583 1189 644 quem

52 641 193 703 ultimum
207 663 271 705 esse
285 644 505 704 contendamus.
548 643 722 723 Eodemque·
735 644 823 702 modo
836 643 974 723 infigura
987 663 1026 703 ex
1039 647 1113 711 serie
1122 665 1188 725 par·

55 724 134 784 tium
147 721 303 804 equalium
317 725 479 804 composita
493 724 572 784 nulla
584 740 651 804 pars
664 735 719 798 est,
741 726 984 804 quaenecessario
997 728 1044 786 vel
1063 728 1189 806 primum

54 806 106 865 vel
119 807 255 867 ultimum
269 818 369 867 teneat
383 807 491 868 locum.
532 810 621 874 Quod
634 808 658 867 si
672 806 763 866 nihilo
777 807 871 877 minus
886 819 916 867 et
929 807 960 866 in
973 809 1048 867 serie
1068 809 1189 870 effecto-

54 907 125 947 rum
139 901 171 950 at
183 889 214 946 in
228 888 325 969 ligura·
336 888 388 948 tali
401 888 520 968 aliquid,
541 890 622 968 quod
634 888 799 948 absolutum
822 891 869 961 sit,
890 890 1015 970 ideoque
1036 902 1190 972 utramque

54 966 148 1030 certis
171 970 278 1031 finibus
300 970 532 1043 circumscribat,
556 971 741 1051 requirimus:
769 971 888 1031 omnino
912 971 1095 1032 extrinsecus
1119 974 1192 1034 illud

56 1050 267 1113 assumendum
281 1053 346 1123 erit,
367 1071 469 1112 verum
484 1053 534 1124 ita,
556 1064 600 1126 ut,
622 1073 675 1112 cur
688 1054 726 1113 sit
739 1053 956 1126 assumendum,
978 1073 1016 1113 ex
1030 1053 1093 1134 ipsa
1106 1055 1193 1116 effec-

53 1144 155 1194 torum
170 1134 304 1194 senetel
324 1134 521 1215 descriptione
540 1133 642 1215 figurae
665 1135 855 1214 intelligatur.
896 1136 963 1196 Erit
984 1135 1075 1214 igitur
1097 1136 1192 1216 primo

56 1217 261 1294 quarendum,
281 1216 367 1297 quale
393 1214 440 1289 sit,
465 1217 545 1296 quod
568 1216 734 1277 absolutum
755 1216 814 1277 dici
827 1219 929 1297 possit;
952 1216 1068 1289 deinde,
1090 1219 1192 1297 quain

56 1314 92 1357 re
103 1294 233 1377 positum
246 1297 278 1356 id
290 1298 341 1367 sit;
361 1295 497 1378 denique,
519 1298 675 1360 undeesse
689 1299 719 1359 id
733 1298 939 1360 assumendum
950 1316 1173 1378 cognoscamus.

98 1383 130 1439 4.
151 1377 408 1442 considerabimus
421 1390 520 1440 antem
534 1380 628 1460 primo
641 1381 766 1443 initium.
807 1383 909 1461 Atque
929 1381 960 1439 in
978 1382 1054 1442 serie
1073 1381 1197 1444 effecta,

55 1478 124 1519 rum
138 1458 271 1522 caussam
284 1461 456 1533 absolutam,
478 1463 539 1523 i.'e.
553 1482 619 1544 quae
632 1476 714 1525 recte
749 1464 822 1522 rima
835 1462 893 1523 dici
914 1463 1024 1542 possit;
1045 1463 1076 1523 in
1096 1464 1191 1543 figura

54 1553 158 1602 autem
170 1553 285 1625 partem
297 1536 473 1620 absolutam,
491 1543 511 1602 i.
525 1564 552 1605 e.
573 1565 639 1624 quae
659 1485 790 1625 regulam
810 1544 1014 1624 descriptionis
1036 1559 1190 1621 monstret,

56 1624 227 1703 quaerimus.
266 1620 400 1704 Apparet
411 1642 492 1698 vero,
512 1626 589 1686 hanc
603 1637 695 1687 totam
709 1627 834 1688 absoluti
847 1626 998 1687 notionem
1018 1645 1057 1686 ex
1081 1628 1116 1687 iis
1137 1648 1190 1688 no·
1224 1669 1225 1673 =

56 1704 188 1766 tionibus
211 1724 285 1779 esse,
307 1710 378 1786 qua's
402 1704 536 1768 relativas
559 1705 723 1789 philosophi
747 1721 865 1768 vocant.
904 1708 983 1767 Nam
1006 1708 1031 1767 si
1052 1709 1131 1769 nulla
1145 1721 1190 1771 est

58 1805 172 1862 caussa,
214 1808 259 1850 uae
282 1801 364 1849 recte
387 1791 481 1868 prima
502 1789 561 1849 dici
584 1791 686 1869 possit,
714 1803 871 1871 propterea
891 1791 971 1870 quod
990 1790 1053 1869 ipsa
1072 1810 1191 1871 quoque

58 1887 191 1929 caussam
226 1871 313 1930 abere
327 1871 429 1943 debet;
449 1871 587 1952 nullaque
600 1872 761 1952 figura-ex
782 1872 912 1952 partibus
935 1871 1095 1950 aequalibus
1119 1892 1189 1932 con-

58 1952 160 2011 stantis
171 1969 249 2031 pars,
264 1971 330 2031 quae
342 1972 396 2032 pro
411 1953 544 2013 absoluta
557 1953 660 2033 regula
673 1956 721 2028 sit,
735 1964 892 2034 propterea
905 1954 984 2033 quod
997 1956 1059 2032 ipsa
1073 1974 1190 2033 quoque

59 2033 93 2092 ad
108 2045 283 2093 caeterarum
296 2034 423 2114 partium
436 2035 684 2115 comparationem
698 2036 846 2116 descripta
860 2047 922 2095 est:
943 2048 1075 2114 apertum
1089 2046 1143 2107 est,
1166 2035 1191 2095 si

60 2133 115 2195 qua
128 2114 317 2175 nihilominus
331 2116 376 2175 vel
390 2117 484 2201 prima
497 2132 609 2193 caussa,
630 2119 677 2178 vel
698 2118 832 2177 absoluta
853 2115 956 2194 regula
979 2116 1103 2187 dicatur,
1125 2135 1191 2176 eam

59 2213 115 2255 non
129 2215 184 2276 per
197 2216 230 2256 se
242 2197 285 2256 ita
293 2191 367 2270 dici,
385 2196 444 2257 sed·
453 2196 495 2258 slt
504 2198 635 2273 tantum,
653 2210 689 2271 Ιιιι
702 2199 740 2271 ad
754 2199 851 2258 datam
866 2197 992 2276 aliquam
1015 2196 1061 2256 vel
1085 2197 1191 2257 seriem

36 2318 40 2327 ·
61 2276 242 2352 effectorum,
262 2279 308 2339 vel
323 2281 424 2361 figurae
444 2274 685 2361 descriptionem,
701 2279 739 2341 ad
753 2298 840 2360 quam
855 2278 972 2339 aliunde
986 2277 1118 2353 accedat,
1144 2298 1190 2339 re·

10 2410 12 2417 .
61 2357 177 2420 feratur.
220 2361 301 2421 Data
320 2360 398 2421 enim
418 2362 610 2443 aliquas-eric
624 2358 796 2423 effectorum
809 2361 856 2419 vel
869 2359 1065 2438 descriptione
1078 2360 1192 2440 figura,

10 2472 12 2493 ι
62 2439 82 2498 si
105 2436 178 2521 qnid
201 2441 320 2502 aliunde
345 2434 382 2503 ad
404 2462 467 2503 eam
489 2440 615 2517 accedit,
635 2444 667 2503 id
680 2444 749 2525 quia
763 2462 822 2502 non
836 2442 1080 2521 comprehensum
1093 2453 1140 2503 est
1153 2461 1191 2503 ea
1241 2498 1245 2513 ,

62 2522 132 2582 serie
145 2523 192 2585 vel
206 2523 411 2604 descriptione,
434 2537 577 2586 ettamen
590 2544 712 2586 accessu
725 2545 779 2585 suo
793 2524 903 2605 aliquid
917 2523 947 2581 in
967 2543 1004 2584 ea
1026 2533 1121 2584 mutat
1143 2525 1191 2585 vel

10 2608 12 2615 '
63 2601 170 2678 delinit,
191 2624 252 2664 non
264 2618 362 2685 potest
375 2607 449 2665 illud
462 2627 534 2678 non,
556 2618 701 2686 quatenus
715 2607 792 2667 datae
811 2606 897 2666 seriei
918 2603 965 2664 vel
986 2605 1191 2685 descriptionis

63 2686 201 2747 rationem
213 2687 365 2759 habemus,
386 2689 552 2763 absolutum
562 2689 699 2768 judicari,
720 2687 846 2768 ideoque
860 2687 890 2746 in
911 2697 1044 2765 tempore
1063 2686 1189 2760 initium,

63 2766 209 2849 primaque
221 2769 391 2829 mutationis
404 2788 517 2843 caussa,
537 2771 568 2829 in
588 2770 682 2850 spatio
703 2768 878 2849 principium
900 2768 1010 2846 regulae
1034 2777 1066 2828 et
1088 2786 1193 2828 norma

63 2849 328 2911 constituendorum
341 2851 444 2912 finium
456 2852 568 2913 haberi.
610 2852 711 2912 Veluti
724 2853 748 2911 si
762 2851 800 2911 ad
814 2869 930 2930 corpus,
944 2848 1024 2929 quod
1034 2848 1191 2929 impulsum

65 2942 140 2991 recta
147 2931 227 2994 linea
238 2937 385 3008 movetur,¹
397 2935 439 2994 vis
447 2934 504 2995 alia
515 2940 553 2994 ex
563 2934 682 3015 obliquo
692 2933 819 3006 accedit,
835 2933 885 3004 ibi,
897 2931 947 2992 ubi
957 2931 1073 2991 accedit
1087 2950 1123 2991 ea
1136 2932 1189 3006 vis,

66 3013 185 3092 aptiore
199 3015 246 3074 via
260 3015 388 3079 declinat
402 3034 521 3096 corpus:
541 3036 608 3095 quae
621 3017 664 3075 vis
678 3015 747 3096 quia
760 3016 798 3075 ad
811 3015 938 3094 priorem
953 3013 1034 3072 illum
1059 3014 1190 3093 corporis

66 3106 169 3154 notum
181 3115 258 3163 nova
271 3097 397 3169 accedit,
418 3099 593 3169 necessario,
607 3098 632 3157 si
644 3100 725 3158 hunc
735 3106 1031 3176 motumspectamus,
1045 3095 1190 3170 absoluta,

66 3171 182 3256 ideoque
196 3179 365 3238 mutationis
379 3180 409 3236 in
423 3200 459 3239 eo
470 3191 552 3241 motu
566 3181 662 3252 factae,
684 3180 703 3238 i.
718 3199 744 3239 e.
757 3178 969 3248 declinationis,
983 3177 1077 3256 prima
1087 3197 1191 3238 caussa

67 3269 113 3319 est.
152 3258 268 3319 Eodem
289 3261 376 3320 modo
390 3261 528 3341 infigura
542 3281 581 3321 ex
594 3261 726 3340 partibus
736 3260 895 3339 aequalibus
907 3266 1073 3331 constante,
1088 3277 1190 3338 quam·

66 3335 109 3398 diu
121 3339 178 3399 illae
191 3353 289 3420 partes
307 3362 408 3403 omues
421 3344 547 3423 aquales
560 3353 639 3415 sunt,
660 3343 741 3401 nulla
754 3361 853 3421 earum
867 3361 921 3421 pro
941 3341 1075 3403 absoluta
1088 3342 1191 3425 regula

67 3432 115 3483 est:
134 3423 187 3482 sed
200 3423 376 3503 simulatque
389 3423 428 3484 ad
441 3444 530 3484 unam
550 3443 650 3484 earum
661 3420 771 3502 aliquid
784 3423 931 3502 singulare
945 3422 1111 3493 accesserit,
1136 3443 1190 3482 ex·

47 3515 156 3583 ‚empta
176 3509 395 3585 comparatione¹
415 3517 599 3579 caeterarum,
620 3506 666 3565 his
694 3505 857 3566 absolutam
880 3505 1022 3584 praebebit
1046 3504 1189 3582 regulam,

65 3595 156 3662 aptum
168 3586 223 3646 sibi
237 3586 314 3647 inter
326 3589 484 3650 easlocum
494 3590 654 3669 postulans.
777 3622 780 3627 ·
1089 3654 1092 3659 ,

96 3673 127 3729 5.
144 3668 214 3729 Jam
227 3668 385 3730 videndum
400 3682 455 3744 est,
476 3690 535 3752 qua
552 3671 583 3729 in
597 3690 629 3730 re
643 3669 776 3749 positdm'
790 3686 854 3727 esse
877 3668 984 3727 debeat
1004 3665 1087 3739 illud,
1108 3666 1189 3746 quod

66 3748 105 3806 ul
116 3750 145 3809 in
157 3750 233 3811 serie
243 3749 424 3827 effectorum,
444 3753 492 3812 vel
505 3752 535 3810 in
549 3751 645 3831 figura
654 3751 820 3810 absolutum
833 3749 880 3810 sit.
921 3751 961 3809 Et
976 3749 1006 3808 in
1017 3747 1189 3810 effectorum

66 3831 131 3892 serie
145 3852 236 3912 quum
249 3832 343 3912 prima
356 3845 445 3914 atque
458 3833 593 3894 absoluta
606 3851 709 3893 caussa
716 3851 752 3891 ea
762 3831 810 3904 sit,
825 3852 891 3912 quae
901 3831 1035 3891 illuseris
1046 3851 1106 3890 non
1117 3851 1188 3891 con·

65 3907 177 3987 tinctus,
197 3914 251 3974 sed
272 3914 390 3976 aliunde
413 3914 539 3989 accedit,
559 3915 685 3995 ideoque
705 3932 765 3972 non
786 3925 820 3973 ut
841 3914 971 3984 effectus,
993 3913 1046 3973 sed
1059 3925 1189 3973 tantum·

64 3994 144 4054 modo
157 4008 190 4057 ut
200 4015 304 4056 caussa
316 4007 451 4077 apparet;
472 4016 575 4057 caussa
588 4007 687 4058 autem
701 3995 806 4068 omnis,
827 4016 892 4076 quae
906 4003 1021 4055 tantum
1031 4007 1065 4055 ιιι
1076 4015 1187 4068 caussa,
1222 4064 1225 4071 ,

62 4090 116 4134 non
129 4077 217 4138 etism
230 4089 265 4139 ut
278 4077 399 4138 effectus
412 4079 624 4151 consideratur,
644 4079 676 4137 in
696 4078 725 4136 vi
746 4075 844 4157 aliqua
862 4078 900 4138 sit
920 4076 1034 4157 positas
1053 4087 1188 4157 apertum

62 4167 103 4217 est
116 4177 246 4220 caussam
259 4160 423 4221 absolutam
436 4179 496 4221 non
510 4160 566 4220 nisi
578 4162 609 4220 in
622 4160 652 4219 vi
672 4159 770 4239 aliqua
792 4160 873 4220 cer'ni
895 4179 991 4238 posse.
1032 4159 1068 4218 In
1093 4161 1188 4237 figura

62 4250 155 4300 autem
167 4242 299 4322 regulam
311 4242 440 4304 habente
451 4262 541 4321 quum
551 4242 717 4302 absolutum
727 4242 765 4302 sit
778 4241 819 4315 id,
841 4241 919 4321 quod
930 4241 1032 4320 regula
1044 4251 1104 4300 non
1115 4259 1187 4300 con·

61 4319 175 4395 tinetur,
196 4323 251 4384 sed
262 4322 409 4406 singulare
423 4335 479 4397 est,
498 4324 625 4405 ideoque
638 4344 698 4385 non
712 4337 746 4384 ut
754 4343 823 4405 pars
836 4323 945 4402 pariter
958 4343 977 4382 a
997 4323 1110 4384 caeteris
1121 4341 1188 4402 par·

62 4401 133 4464 tibus
147 4403 266 4484 definita
275 4417 364 4488 atque
377 4405 442 4469 illas
452 4405 603 4484 deliniens,
625 4406 678 4469 sed
690 4406 749 4468 boc
759 4404 963 4468 tantummodo
973 4404 1079 4480 solum,
1094 4415 1127 4464 ut
1137 4404 1190 4464 de·
1278 4476 1282 4487 Ι
