2694 4866
117 324 187 383 ³24·
438 318 468 351 “”
501 324 583 392 ma.
596 326 638 390 11.
659 328 753 392 ΟΑΡ.
767 330 851 393 xm.

186 536 234 583 tua
245 527 343 600 templa
354 530 388 584 ad
399 529 454 587 alta
465 531 519 587 lani
530 551 674 606 properans
687 536 755 593 citus
767 537 841 593 itere.

116 632 164 692 Ex
181 631 389 693 Eumenidibus
404 648 510 703 autem.
533 639 561 696 in
577 659 635 718 qua
648 640 735 700 satira
757 641 835 701 Galli
857 639 887 699 in
910 639 1020 720 templo
1033 641 1138 701 matris
1158 640 1238 701 deum

114 726 275 784 cantantes,
297 728 384 794 atquc
406 719 604 798 nescioquem
620 741 657 779 ex
673 742 733 792 ara,
755 743 842 801 quum
858 735 1017 782 excantare
1038 742 1099 781 non
1114 733 1237 802 possent,

112 792 289 872 deripientes
304 797 460 858 introducti
475 813 552 863 sunt.
569 814 600 860 ut
614 821 652 860 cx
670 804 767 860 Nonio
782 806 811 861 in
825 826 853 862 v.
863 815 980 885 praeter,
991 801 1121 884 gallore,
1143 824 1236 863 eacan·

112 883 177 933 tore
197 877 352 955 colligitur,
374 879 450 939 idem
473 882 586 940 Nonius
607 884 662 941 tria
682 884 911 946 Galliamborum
931 885 1099 965 fragmenta
1111 884 1237 954 servarit,

114 976 179 1037 qum
193 958 233 1017 ita
247 959 368 1019 sortasse
383 964 586 1041 conjungenda
599 977 684 1029 sunt:

183 1092 231 1148 tibi
243 1105 349 1165 typana,
361 1113 414 1149 non
428 1095 513 1151 inanis
526 1097 627 1152 sonitus
640 1100 728 1153 matris
741 1099 821 1155 deum

184 1166 315 1218 toniruus:
339 1201 448 1220 .....
468 1167 515 1221 tibi
534 1186 604 1222 nunc
617 1170 730 1224 semiviri

183 1244 294 1288 teretem
308 1255 409 1290 comam
422 1237 554 1293 volantem
563 1241 667 1309 jactant
680 1241 765 1296 Galli:
788 1241 836 1297 tibi

181 1305 309 1376 Phrygius
321 1324 368 1377 pcr
385 1326 445 1362 ossa
456 1327 552 1364 cornus
564 1312 664 1382 liquida
676 1312 748 1366 canit
759 1313 856 1368 anima.

111 1423 190 1485 Vide
205 1426 333 1485 Nonium
348 1428 377 1485 in
392 1449 418 1489 r.
439 1432 560 1490 torsimus
580 1453 609 1510 p.
624 1439 674 1495 49.
696 1433 724 1490 in
746 1455 770 1492 r.
783 1438 900 1514 jactare
918 1454 947 1513 p.
961 1436 1031 1497 828.
1051 1433 1083 1491 in
1098 1453 1128 1494 v.
1146 1432 1233 1493 anina

111 1520 143 1567 et
170 1507 302 1588 liquidem
331 1529 359 1586 p.
383 1514 451 1572 233.
473 1525 503 1572 ct
528 1519 597 1575 384.
655 1515 782 1573 Primum
807 1535 921 1574 versum
946 1515 1043 1594 tetigit
1066 1514 1187 1574 Naeltius
1207 1513 1234 1571 ia

111 1589 228 1648 schedis
255 1589 363 1648 criticis
390 1612 419 1669 p.
443 1596 492 1653 2⁶2.
513 1615 573 1673 seq.
615 1595 649 1652 In
674 1598 813 1667 secundo,
836 1599 884 1656 ubi
906 1597 987 1657 deest
1008 1596 1133 1676 aliquid,
1153 1595 1234 1654 nolim

111 1689 192 1731 nunc
206 1672 300 1730 modos
314 1671 414 1733 tilinos
430 1675 515 1733 inseri
530 1696 567 1734 ex
584 1676 681 1735 Nonio
705 1678 733 1735 in
759 1699 786 1736 v.
807 1678 910 1738 tibinor
930 1699 960 1758 p.
974 1684 1025 1739 49.
1045 1679 1165 1757 quando
1183 1676 1235 1735 hoe

112 1751 166 1811 soli
181 1753 300 1812 editioni
316 1754 468 1815 Parisiensi
483 1776 509 1824 a.
523 1776 699 1822 crotocxrv.
713 1758 846 1820 debetur.
888 1759 1081 1839 Antiquiores
1101 1760 1178 1819 enim
1199 1757 1234 1835 ig·

112 1846 228 1905 norant,
243 1849 272 1895 et
287 1835 401 1894 ridetur
416 1839 505 1897 Nonii
521 1839 602 1898 locus
616 1860 653 1899 ex
668 1840 730 1900 sola
744 1845 912 1921 conjectura
924 1842 1043 1900 relictus
1055 1859 1140 1901 ease:
1155 1839 1234 1918 idque

116 1915 266 1975 adnotavit
281 1917 367 1975 etiam
384 1919 547 1978 Mercerus.
589 1921 623 1979 ln
639 1923 725 1980 tertio
739 1943 823 1981 versu
838 1943 867 2001 p.
877 1927 947 1984 328.
967 1923 1077 2001 legitur
1090 1922 1145 1983 tibi
1158 1917 1238 1981 Galli.

112 1996 197 2055 Alios
211 1998 401 2075 Galliambos,
416 2001 465 2079 qui
483 2003 653 2064 Maecenatis
666 2017 744 2078 sunt,
758 2003 824 2062 vide
834 2005 913 2085 apud
923 2003 1049 2067 Atilium
1058 2001 1233 2064 Fortunatia-

111 2094 182 2137 num
195 2099 223 2159 p.
239 2082 318 2146 2677

540 2376 572 2450 C
587 2376 624 2450 A
639 2376 678 2450 P.
707 2375 811 2451 XLI.

434 2586 484 2636 DE
509 2586 687 2636 VERSIBUS
712 2585 909 2637 PAEONICIS·

155 2754 183 2810 1.
205 2752 370 2812 Uarruunr
385 2769 478 2828 genus
488 2769 673 2809 numerorum
692 2749 864 2828 simplicium
880 2745 1093 2828 paeonicisunt.
1120 2745 1233 2823 Dequi·

112 2829 169 2889 bus
183 2833 318 2910 quoniam
333 2832 400 2890 satis
415 2832 591 2910 disputatum
606 2843 650 2890 est
664 2851 751 2909 supra
765 2851 791 2889 c.
807 2833 892 2891 XIX.
912 2830 963 2888 ubi
983 2829 1021 2887 de
1037 2827 1163 2886 Creticis
1175 2843 1231 2919 ver·

111 2911 192 2970 sibus
213 2913 422 2990 explicabatur,
449 2915 548 2990 paucis
572 2933 650 2970 nunc
675 2912 828 2990 profligare
852 2912 927 2970 hanc
955 2909 1107 2968 materiam
1131 2908 1230 3001 licebrt.

114 2993 204 3059 Quod
219 2994 240 3049 si
256 3013 354 3050 verum
371 3004 424 3062 est,
439 2994 516 3070 quod
529 2995 566 3051 ibi
579 2994 791 3063 contendimus,
806 3014 863 3051 non
875 3013 937 3052 esse
947 2990 1098 3061 credibile,
1113 2991 1229 3048 abstruu·

111 3073 169 3133 isse
185 3075 305 3133 Graecos
321 3073 423 3132 abhoc
438 3094 545 3152 genere
560 3077 682 3146 numeri,
697 3077 720 3133 si
736 3089 832 3134 autern
844 3075 886 3133 usi
896 3094 932 3133 eo
942 3074 1010 3144 sint,
1022 3091 1112 3151 puros
1125 3086 1226 3130 servan·

112 3156 167 3215 dos
181 3155 269 3214 fuisse
283 3175 408 3234 paones,
433 3175 488 3215 nec
510 3157 644 3234 potuisse·
653 3158 771 3215 Cretico
783 3156 877 3215 locum
890 3153 1032 3215 concedi:
1053 3154 1097 3212 ita
1110 3164 1226 3244 statuen-

80 3292 89 3303 ,
113 3236 264 3308 doment,
287 3257 384 3295 versus
398 3257 457 3309 eos,
480 3237 617 3315 aquibus
630 3257 730 3296 severa
745 3238 809 3315 lege
830 3237 981 3297 exclusum
1002 3254 1066 3295 esse
1088 3235 1224 3295 Creticum

112 3319 272 3389 videamus,
290 3323 356 3399 jure
371 3338 423 3397 pro
438 3320 573 3398 paeonicis
588 3319 688 3378 haberi
702 3338 796 3398 posse.
1067 3394 1075 3409 ·

155 3406 185 3462 2.
209 3405 330 3460 Constat
344 3412 440 3458 autern
456 3401 602 3478 paeonicus
626 3420 763 3460 numerus
788 3419 824 3458 ex
850 3398 999 3458 ordinibus
1019 3416 1097 3457 arsin
1117 3395 1225 3453 duorum

113 3495 289 3562 temporum,
312 3481 406 3540 thesin
428 3496 524 3540 autern
546 3483 631 3540 trium
653 3481 782 3540 brevium
797 3480 971 3559 syllabarum
991 3478 1177 3537 habentibus:
1193 3487 1223 3529 ex

114 3585 173 3642 quo
188 3578 318 3642 apparet,
333 3564 370 3620 ad
384 3583 526 3621 summum
541 3568 615 3621 arsin
630 3563 701 3620 solvi
716 3582 811 3640 posse,
825 3562 1055 3622 contractionem
1071 3570 1164 3618 autem
1176 3550 1221 3631 syl

113 3647 255 3715 labarum,
271 3667 335 3724 quae
349 3646 377 3702 iu
393 3645 467 3704 thesi
481 3657 558 3713 sunt,
574 3644 641 3724 quia
653 3643 753 3703 thetici
765 3644 826 3702 soni
842 3664 880 3703 ex
890 3643 1000 3702 numeri
1012 3641 1125 3719 legibus
1138 3648 1219 3695 omae!

116 3728 225 3787 debent
239 3727 364 3806 aequales
379 3746 451 3796 esse,
472 3745 530 3785 non
546 3746 631 3804 posse
645 3725 769 3786 admitti.
812 3727 957 3784 Praeterea
977 3721 1101 3802 poeonici
1121 3728 1216 3813 quoque
1268 3742 1270 3763 ι

114 3810 280 3868 numerica
296 3807 443 3865 ordinibus
458 3805 846 3885 periodiciscomponuntur‚
862 3804 1046 3882 maximeque
1054 3821 1092 3861 ex
1103 3795 1213 3891 dspodffl·
1264 3882 1270 3887 Ι

115 3891 217 3968 Atque
238 3910 275 3948 ex
296 3888 509 3946 troclraicorum
530 3902 560 3947 et
582 3888 792 3968 dactylicarum
814 3905 999 3946 numerorum
1021 3888 1213 3977 compa-mlume
1258 3958 1263 3969 ι

114 3971 139 4028 si
150 3971 340 4047 judicandum
355 3982 440 4042 esset,
456 3970 554 4027 l'ormae
567 3989 701 4028 versuum
716 3969 912 4048 poeonicorum
932 3968 979 4026 hae
993 3966 1129 4027 constitut
1145 3957 1214 4019 dell*
1254 3965 1270 4037 ’ἶ

113 4061 198 4111 rent:
1252 4058 1267 4080 '¹

250 4219 568 4295 'Low-ow
648 4237 745 4278 amur
768 4236 898 4278 rmouas

155 4420 225 4456 wa
277 4387 464 4454 Loco...
652 4404 779 4452 Qunam
801 4401 930 4446 emanas
