2694 4866
219 272 280 336 DE
301 260 565 371 Tnocnmcrs
586 268 781 333 TETRAM.
801 267 1123 335 CATALECTICIS.
1198 280 1239 338 58
1270 220 1273 227 Ι

104 474 138 534 p.
153 455 206 515 54.
219 451 269 512 nbi
284 452 416 512 uniderse
429 452 467 512 de
480 463 575 511 metro
588 451 738 512 trochaico
757 450 899 530 praecipit,
912 451 989 511 hanc
1003 471 1152 524 caesuram
1167 471 1234 532 quae

107 537 141 594 in
157 533 216 593 fine
237 534 334 612 quarti>
344 533 426 612 pedis
446 544 501 605 est,
522 551 750 592 commemorare
769 533 902 605 voluisse,
918 553 1007 612 quum
1019 528 1114 593 xetiam
1128 535 1157 592 in
1171 535 1235 595 aliis

106 615 211 676 metris
219 615 416 674 usitatissimas
425 614 532 674 formas
540 633 697 693 earumque
708 633 831 673 caesuras
839 614 985 693 respiciat,
994 615 1102 673 nemini
1112 614 1232 675 dubium

106 696 265 756 videbitur.
317 697 420 755 Verba.
434 707 532 755 tamen
545 695 624 754 aliud
648 695 809 766 continent,
830 693 1013 779 χιςινννίςιϊ
1029 700 1107 756 αὑτοῦ
1119 703 1182 773 τομὴ
1202 705 1233 765 tit

105 804 124 840 s·
139 786 171 845 νῒς
185 779 331 862 reexcitare,
346 777 486 856 inibimus
500 776 525 838 di
537 782 583 838 ul
591 777 640 846 ταῖς
653 777 757 843 simae:
777 776 806 834 in
821 794 878 854 qua
887 776 1031 854 scriptura
1044 795 1111 835 cum
1122 780 1235 851 caeteris

107 807 190 919 lrhris
205 859 292 919 etiam
316 857 383 917 cod.
398 852 484 937 Lips.
492 859 648 918 consentit.
689 859 732 916 At
751 876 810 915 non
832 856 920 915 modo
940 857 1004 916 haec
1028 870 1093 935 post
1113 860 1232 918 tertium

108 939 272 1002 trochaeum
297 940 416 1008 caesma,
445 938 498 1000 sed
522 958 560 998 ne
583 939 640 997 illae
666 938 782 1017 quidem
805 937 870 997 aliae
893 957 911 997 a
935 939 1079 1001 veteribus
1106 941 1234 1000 metricis

108 1031 345 1082 commemoratae
359 1030 443 1082 sunt:
463 1019 696 1080 etsischoliastes
712 1019 928 1096 Hephaestionis
946 1040 975 1097 p.
989 1024 1038 1081 88.
1059 1020 1168 1094 scribit,
1182 1021 1235 1083 im

108 1102 135 1166 di
148 1111 176 1166 ‘ci
190 1106 325 1185 τςοχννὶὶιὶν
339 1102 454 1169 dramata
468 1102 542 1163 maai
564 1127 592 1162 rt
605 1106 653 1168 ταὶς
667 1106 713 1161 τᾶν
727 1100 806 1160 mitit
827 1105 1001 1183 πνιμνξνίπνς,
1016 1109 1062 1162 nati
1082 1107 1128 1169 ada
1141 1106 1234 1181 τνμνίς,

108 1189 157 1246 aas*
167 1183 203 1245 in
214 1189 262 1250 τὰς
275 1186 414 1254 arabicus,
429 1182 479 1262 qui
492 1195 589 1245 tamen
602 1183 665 1261 ipse
684 1201 772 1260 supra
785 1181 854 1239 nihil
869 1184 906 1241 de
919 1182 964 1240 his
985 1181 1100 1241 casuris
1113 1183 1234 1244 adnota-

107 1276 200 1325 verat.
242 1265 346 1343 Itaque
365 1264 531 1332 videndum,
547 1283 585 1322 ne
601 1262 746 1322 Aristides
766 1263 924 1341 scripserit,
948 1265 1100 1348 χαςινπὲςω
1119 1263 1141 1324 5
1155 1270 1236 1327 αὐτοῦ

108 1351 173 1424 rapit
193 1352 225 1412 tia
239 1346 361 1427 τέτταςις
385 1349 529 1429 τςοχννίννς·
544 1343 684 1423 indixerat
704 1343 728 1404 di
741 1350 787 1405 aa)
806 1346 860 1412 roie-
875 1345 973 1411 ἄλλως.
1016 1347 1064 1403 Ac
1084 1364 1153 1405 sane
1166 1347 1236 1406 alias

109 1446 228 1507 quoque
253 1445 387 1496 caesuras,
411 1438 499 1504 atque
519 1425 665 1485 interdum
680 1425 826 1505 aptissime
850 1425 994 1485 adhibitas
1015 1426 1155 1501 videmus,
1170 1440 1235 1487 uta

109 1506 250 1570 Terentio
266 1508 342 1568 Eun.
357 1508 392 1567 V.
407 1513 437 1580 4,
453 1512 502 1570 24.

180 1644 240 1698 quae
248 1625 338 1680 futura
350 1625 471 1697 exempla
482 1624 574 1680 dicunt
585 1625 613 1680 in
626 1643 686 1680 eum
694 1625 809 1696 indigna.
823 1624 829 1698 Ι
846 1624 1005 1697 oJuppiter.

110 1730 208 1792 Aliam
222 1729 432 1789 dubitationem
446 1729 566 1808 injicere
576 1730 686 1808 possint
700 1729 851 1790 Diomedis
864 1731 953 1789 verba
966 1751 995 1808 p.
1010 1734 1079 1792 504.
1094 1730 1125 1789 ἰνν
1139 1729 1233 1812 tra'plt'·

111 1831 167 1872 acta
179 1810 391 1890 astcmferitur
403 1811 555 1892 dipodiom.
596 1811 656 1869 Sed
669 1811 784 1870 videtur
797 1811 846 1869 hic
860 1811 987 1890 integras
1001 1811 1132 1890 dipodiaa
1145 1811 1234 1892 signi.

112 1893 208 1966 ficare,
222 1893 316 1972 iisque
327 1891 435 1951 deinde
448 1893 567 1951 seorsim
580 1891 706 1972 adjicere
718 1893 871 1951 catalexin.

152 1978 179 2032 7.
210 1973 376 2034 Solutiones
402 1974 555 2052 longarum
577 1973 753 2051 syllabarum
777 1974 885 2052 ubique
913 1972 1166 2052 deprehendimus,
1190 1973 1232 2035 ita

117 2063 218 2128 nmen,
242 2065 276 2113 ut
299 2053 387 2132 longe
409 2053 589 2132 frequentius
612 2054 705 2131 prima
729 2057 870 2133 cujusque
894 2053 1119 2133 dipodinensis,
1144 2074 1231 2133 quant

119 2135 247 2207 amanda,
261 2135 399 2223 solvatpr.
439 2135 540 2214 Eurip.
556 2135 659 2193 Phoen.
673 2139 744 2195 618.
758 2136 805 2194 ed.
820 2137 901 2195 Pors.

89 2270 93 2349 'y
187 2252 279 2320 ἄνᾶσννς
293 2244 418 2326 rimas·
432 2252 496 2311 ἄλλ’
508 2255 536 2312 οὖ
549 2246 677 2334 wargida,
691 2251 722 2318 ὂς
736 2249 777 2322 ri,
792 2250 920 2328 τνλὶμννς.

89 2352 92 2375 ¹
125 2362 240 2426 insuavis
254 2377 299 2427 est
313 2367 390 2426 enirn
410 2364 515 2426 solutio
528 2366 664 2426 secundae
685 2384 792 2438 arseos,
807 2364 836 2424 in
856 2385 915 2445 qua
929 2367 1111 2446 requiescere
1124 2370 1232 2449 potius,

127 2461 154 2504 tc
163 2447 313 2521 debilitari,
333 2467 418 2526 quam
432 2466 582 2526 assurgere
602 2459 633 2507 et
646 2449 747 2525 augeri
760 2448 819 2507 vim
838 2448 952 2508 numeri
965 2469 1019 2530 par
1038 2460 1092 2523 est,
1107 2464 1140 2512 ut
1153 2453 1232 2533 apud

129 2523 282 2610 Euripidem
295 2529 326 2588 in
339 2529 486 2589 Oresten.
500 2531 570 2594 726.
584 2531 653 2595 776.
667 2529 715 2589 etl.
730 2530 812 2589 Pors.

190 2645 313 2714 Μνννλίννς
326 2647 446 2715 stimma
460 2647 481 2714 is
495 2647 536 2723 iai
548 2651 594 2708 sal
606 2649 755 2720 martyrius
765 2645 831 2722 ἰμνίν·

191 2723 258 2801 ider,
271 2728 302 2794 da
316 2724 440 2810 dtaerdgm
455 2732 549 2794 ν’νννλνὶἱς
562 2730 704 2828 zardani».
718 2732 778 2788 aboi
791 2724 861 2789 rada

131 2828 305 2921 dubitarique
318 2851 424 2919 potest,
435 2860 472 2900 an
483 2841 512 2898 in
520 2840 616 2920 priore
629 2840 734 2907 horum
742 2860 877 2901 versuum
890 2842 980 2922 po'e'ta
989 2844 1021 2912 εἷς
1030 2869 1063 2922 μ
1076 2843 1233 2924 scripserit.

103 2932 106 2937 ’
133 2910 239 2982 Omnino
253 2933 351 2982 autern
376 2921 586 2982 observandum
607 2933 662 2996 est,
686 2926 825 3002 majorem
848 2923 1000 2998 incuriam,
1021 2944 1086 3004 quae
1107 2924 1176 2986 inde
1195 2928 1233 2987 ab·

123 2991 230 3080 -sslytsp
243 3003 414 3063 LXXXIX.
428 3003 600 3082 tragaediam
613 3003 726 3076 invasit,
740 3004 884 3083 inprimis
903 3007 991 3065 etiam
1004 3006 1035 3064 in
1054 3006 1233 3066 solutionum

133 3072 275 3160 latentis
287 3094 318 3143 et
331 3083 419 3144 modo
433 3085 522 3146 cerni.
563 3085 686 3145 Veteres
699 3085 776 3143 enim
790 3098 821 3145 et
833 3105 921 3164 parce
935 3088 1092 3161 utebantur
1111 3088 1232 3148 solutio-

134 3155 209 3235 nibus,
222 3176 252 3225 et
266 3164 317 3237 ita,
332 3177 365 3225 ut
375 3184 424 3224 eas
437 3166 466 3223 in
476 3165 511 3225 iis
524 3176 639 3226 tantum
648 3166 795 3225 vocabulis
809 3167 1073 3248 vocabulorumque
1083 3169 1232 3230 consocia·

134 3236 240 3305 tionibus
252 3245 449 3317 admitterent,
464 3265 529 3325 quae
543 3258 647 3306 natura
658 3265 712 3306 sua
723 3248 821 3326 plures
840 3249 943 3308 breves
955 3250 1080 3328 syllabas
1100 3251 1232 3311 contine·

129 3328 191 3396 ³llll,
203 3337 236 3386 ut
248 3327 351 3396 ὶνᾶσννς,
373 3328 501 3406 πνλὲμννς,
516 3332 556 3388 τὶν
570 3329 633 3407 ipit,
647 3333 717 3389 urai
739 3329 834 3406 sipost.
875 3329 1067 3391 Recentiores
1080 3329 1121 3388 ilii
1134 3344 1233 3392 autem
1320 3384 1326 3391 .

131 3400 201 3464 etiam
213 3406 293 3467 nulla
305 3409 478 3470 necessitate
492 3420 616 3486 cogente
630 3409 785 3489 disyllabas
798 3428 887 3469 voces
900 3411 930 3469 in
948 3412 1093 3471 solutione
1106 3413 1232 3472 colloca·

131 3494 193 3577 thot,
214 3488 276 3548 ictu
290 3489 320 3546 in
340 3492 461 3569 primam
484 3490 624 3570 syllabam
647 3489 804 3559 incidente,
820 3491 900 3570 quod
913 3503 946 3552 ut
969 3493 1102 3572 imperite
1121 3493 1232 3555 factum

130 3558 298 3648 displicuerat
311 3571 446 3651 antiquis.
488 3571 575 3636 Utin
590 3570 696 3631 Oreste
708 3591 736 3631 v.
750 3574 821 3636 730.
833 3574 902 3636 774.
1269 3593 1272 3598 ·

191 3687 296 3769 χςᾶνννς·
310 3688 375 3746 ἄλλ’
388 3688 453 3766 ιν’μννς
467 3689 586 3766 τάχιστον
598 3693 675 3755 mis
688 3688 803 3770 idagaidn
817 3688 910 3761 φίλοις,

191 3771 241 3829 aut'
249 3795 287 3835 τις
301 3767 332 3830 ἶίν
342 3769 372 3842 γξ
384 3770 414 3848 μ’
428 3771 546 3831 alarii-ut·
559 3768 630 3848 μίγα
643 3772 696 3851 yde
710 3769 818 3842 imitari
831 3795 885 3828 aaa.

125 3873 162 3939 Ita
173 3881 200 3941 in
213 3883 380 3945 Philocteta
405 3885 557 3964 Sophoclis
571 3884 719 3964 aliquanto
732 3884 837 3956 minus,
862 3904 949 3964 quam
964 3885 994 3944 in
1019 3883 1131 3946 caeteris
1144 3885 1231 3964 hujus

124 3964 207 4051 po'e‘tae
219 3965 340 4061 fabulis,
350 3965 489 4026 elaborati
497 3967 691 4061 uersus‘sunt,
701 3966 853 4046 multoque
866 3971 1003 4062 majorem
1012 3967 1235 4060 discrepantiam

122 4045 947 4227 merqffprpppthggbplppfitguppnpptperlllpemppnpppffipsdmr
968 4048 1181 4225 Olympiadem,
1203 4057 1234 4108 et

89 4209 1235 4373 ³..tittlttltitttitttt.⁰¹,.Git.⁰ttl¹.¹ttl?ltt¹tt÷
1320 4373 1323 4377 ,

122 4382 182 4432 tuat
195 4371 285 4453 longa
297 4371 358 4467 uti,
366 4372 390 4434 si
403 4392 439 4436 sa
451 4372 563 4454 syllaba
574 4373 668 4438 finalis
680 4383 757 4436 esset
770 4371 904 4435 vocabuli
924 4391 963 4434 ex
976 4372 1106 4457 pluribus
1119 4370 1243 4452 syllabis
