2694 4866
115 306 177 367 304
478 296 560 360 LIB.
575 294 616 356 11.
639 295 733 357 CAP.
747 294 889 361 XXXIX.

112 483 144 531 et
156 470 279 529 fortasse
292 466 398 527 iterum
417 464 448 524 in
467 465 524 525 isto
545 467 682 526 carmine.
723 466 838 526 Locum
859 465 935 526 infra
954 464 1104 548 integrum
1124 490 1234 552 ponam.

111 552 265 629 Nusquam
279 567 348 607 vero
361 546 479 607 memini
492 548 577 606 simul
592 558 622 607 et
635 547 758 625 primam
770 558 802 607 et
816 547 947 607 ultimam
960 550 1163 628 amphibrachi
1176 556 1234 615 lon·

112 652 165 712 gas
175 629 312 690 invenire.
341 628 409 688 Alia
422 629 496 687 ratio
506 639 560 700 eat,
575 647 633 707 qua
645 628 822 688 recentiores
835 631 931 708 poe'tae
944 629 989 689 usi
998 643 1079 694 sunt.
1109 635 1153 696 Hi
1162 638 1233 696 enim

111 733 203 792 quum
217 712 274 770 hoc
288 730 380 788 genus
393 722 530 789 putarent
550 708 705 768 iambicum
729 729 803 781 esse,
824 710 934 770 iambos
958 724 1056 773 autern
1078 715 1189 779 scirent
1206 719 1232 777 in

111 793 268 875 imparibus
283 792 354 850 locis
367 791 528 870 spondeum
542 790 683 870 recipere,
697 791 852 869 sepissime
866 792 946 851 tertii
958 792 1047 854 iambi
1061 795 1130 856 loco
1150 817 1230 878 spon.

112 875 201 935 deum
214 884 382 954 posuerunt,
398 873 561 932 nescientes
571 892 631 931 non
643 872 754 931 licitum
768 873 826 932 hoc
837 892 900 932 esse
913 872 942 931 in
956 874 1077 953 dipodia
1087 879 1228 939 catalecti.

111 975 157 1015 ca.
198 956 246 1015 Ita
258 955 329 1014 fecit
341 954 458 1012 Paullus
473 954 652 1013 silentiarius
665 955 696 1011 in
709 954 875 1032 longissimo
890 956 1018 1014 carmine
1031 960 1114 1037 apud
1124 960 1228 1021 Brunc-

110 1037 193 1099 lrium
206 1038 237 1096 in
252 1035 388 1095 Aualeet.
405 1036 441 1094 Τ.
455 1035 514 1095 111.
527 1057 557 1115 p.
566 1040 616 1097 94.
629 1054 712 1115 seqq.
725 1047 758 1095 ut
771 1036 870 1095 statim
882 1055 900 1096 a
913 1037 1077 1118 principio:
1113 1078 1118 1085 ·

191 1173 276 1243 βοῦλν
288 1175 389 1249 poa-itit,
402 1170 528 1253 eir-ignat,

191 1257 288 1334 Ssffli
307 1253 412 1330 ἄτεχνον
433 1261 520 1335 §tipu-

112 1385 248 1448 Puriorea
261 1395 329 1442 eunt
343 1403 440 1442 versus
450 1384 586 1462 Gregorii
600 1383 790 1456 Nazianzeni,
804 1384 882 1463 apud
891 1403 978 1463 quem
992 1405 1023 1465 p.
1034 1391 1104 1461 182.
1117 1391 1224 1470 seqq.in

109 1465 239 1527 carmine
254 1465 291 1523 ad
304 1465 428 1522 animam
441 1485 533 1537 suam,
548 1465 585 1524 de
595 1465 761 1524 CLXXXI.
776 1465 904 1523 versibus
914 1486 972 1524 non
987 1469 1113 1546 amplius
1126 1484 1221 1551 septem

110 1546 273 1626 spondeum
283 1546 313 1602 in
324 1546 410 1604 tertia
419 1546 488 1604 sede
498 1546 618 1620 habent,
635 1552 682 1607 11.
696 1552 742 1609 12.
755 1551 823 1607 138.
836 1550 903 1609 154.
916 1552 984 1607 160.
998 1553 1069 1613 167.
1082 1556 1150 1614 169.
1159 1553 1221 1631 iique

111 1627 167 1708 ipsi
181 1626 259 1686 haud
272 1627 333 1685 scio
348 1646 385 1685 an
402 1628 541 1705 corrupti.

151 1713 181 1771 6.
203 1708 349 1767 Praeterea
361 1708 391 1765 in
405 1707 528 1767 iambica
537 1707 586 1766 illa
595 1726 694 1766 versus
706 1709 1168 1786 Anacreonteiformainterdnm,
1179 1713 1217 1774 sel

112 1808 179 1850 raro
193 1790 286 1870 prima
299 1789 369 1849 areis
383 1788 478 1849 soluta
491 1788 646 1860 invenitur,
660 1801 693 1848 ut
707 1789 836 1850 XXVII.
853 1796 881 1851 1.
897 1797 944 1852 10.
963 1790 1035 1856 LII.
1052 1799 1082 1858 1.

190 1931 237 1987 τοῧ
250 1929 309 1989 Aba
323 1925 335 1982 ὅ
350 1929 424 1991 ταῖς,
440 1924 576 2001 ὄβοίκχος.

192 2010 238 2066 ul
252 2005 321 2065 πάλι
334 2003 400 2064 siaa
413 2004 528 2086 χοςώειι.

192 2093 234 2148 τὶν
246 2085 430 2166 passimam
442 2086 541 2168 sslrgvi.

113 2296 297 2368 carminibus,
313 2298 458 2377 inquibus
478 2298 525 2356 alii
540 2317 656 2377 quoque
674 2298 763 2377 pedes
787 2298 993 2365 admiscentur.
1034 2304 1161 2383 Apparet
1174 2318 1207 2358 au·
1232 2301 1240 2362 li

111 2393 182 2453 tem,
196 2391 255 2440 tres
269 2380 339 2438 istos
352 2379 463 2439 iambos
473 2398 540 2438 cum
550 2379 661 2457 syllaba
675 2379 857 2453 catalectica,
867 2381 891 2441 si
899 2392 1026 2445 metrum
1039 2403 1100 2445 non
1111 2382 1206 2446 ostien·
1231 2401 1247 2446 a

112 2461 221 2536 hicum,
235 2470 286 2520 aut
298 2479 384 2539 posse
395 2459 590 2521 choriambico
600 2471 695 2521 metro
706 2460 835 2535 attribui,

190 2607 423 2660 ὲυυ.υ.υ

191 2722 425 2777 υὲυ.υ.υ

111 2852 163 2902 aut
175 2840 291 2914 lonico,

191 2987 420 3039 uLLuuLL

192 3109 420 3160 υὲυὲυὲὲ

115 3229 156 3289 Et
169 3245 259 3307 quum
276 3225 423 3287 interdum
436 3245 496 3287 uno
509 3225 539 3289 in
555 3228 682 3289 carmine
693 3247 792 3291 omues
805 3229 867 3290 istae
881 3239 940 3292 tres
953 3230 1056 3293 formae
1075 3218 1202 3315 conjunct
1228 3246 1245 3308 ’ς

111 3309 304 3380 inveniantur,
894 3332 897 3336 ·
1231 3326 1235 3345 ’-

192 3459 424 3511 υὲυ.υ.υ

191 3576 424 3626 ὲυυ.υ.υ

191 3691 421 3742 υὲὲυυ..

110 3810 170 3853 non
184 3790 321 3863 mirabor,
335 3790 359 3849 si
373 3789 437 3869 quis
450 3789 509 3852 hoc
518 3801 644 3852 metrum
653 3790 768 3871 putabit
778 3790 1007 3852 choriambicum
1015 3774 1201 3875 msepolyul‘r
1222 3778 1247 3831 1

111 3862 269 3942 matistum,
285 3870 374 3949 quod,
387 3872 558 3933 admodum
572 3873 800 3954 Glyconeorum,
818 3873 1010 3956 (tertiaenim
1018 3872 1201 3935 hammam
1221 3857 1247 3916 ll

111 3973 176 4011 rum
201 3953 396 4013 Pherecrateo
416 3953 511 4012 versui
532 3955 677 4029 convenit,
698 3955 748 4035 qni
769 3966 814 4016 est
835 3954 1008 4035 Glyconeus
1028 3938 1247 4024 11111111111Ξ

111 4033 304 4093 collocatione
318 4033 478 4095 choriambi
491 4035 592 4110 variet,
605 4056 685 4098 nunc
698 4036 729 4098 in
742 4035 884 4120 prbrcipio
898 4056 965 4100 eum
975 4037 1098 4114 habeus,

167 4181 317 4262 Ιὲυυ.
350 4197 440 4236 υ,υ

193 4324 317 4375 ulu-
