2694 4866
207 272 265 333 DE
286 272 481 338 IAMBlCIS
501 272 741 339 salustius
761 275 1071 367 acaununcuts.
1160 292 1202 354 67

89 450 206 520 parunt
219 442 300 512 alins,
322 463 410 524 quam
434 445 485 524 qui
507 404 646 509 solvenda
668 443 759 527 longa
777 444 934 524 exsistunt,
948 459 982 511 ut
996 451 1194 516 Archilochus

89 521 141 582 »ud
153 523 330 584 Atbenaeum
341 527 413 589 xn.
427 532 499 589 528.
511 528 554 587 Il.
567 525 605 588 E.

141 641 171 698 si
182 639 237 722 γᾶς
251 667 277 701 τι
289 648 369 710 aab&
382 647 472 727 χὸςος,
494 640 545 704 aii*
558 645 679 729 ipslstgoq,

139 716 192 780 οὐδ’
205 723 297 804 ignaria
320 722 366 791 oia
379 730 451 802 ἀμφὶ
465 727 542 807 Sigeos
556 724 625 807 poris.
720 734 725 740 ’

90 845 251 912 napaestum
265 847 362 897 autern
377 859 430 918 pro
444 837 540 898 iambo
554 859 672 918 prorsus
686 840 896 914 detrectarunt,
918 843 969 922 qui
982 843 1006 904 si
1015 844 1188 924 quibusdam

101 914 175 975 locis
189 918 344 993 invenitur,
359 939 420 980 non
433 919 548 980 videtur
561 921 599 980 de
612 921 683 981 vitio
697 922 889 983 dubitandum
904 943 978 999 esse,
993 927 1068 987 utin
1080 929 1187 990 Archi·

90 995 138 1054 cbi
151 1016 239 1058 versu
250 999 329 1079 apud
343 1001 608 1081 Harpocrationem
620 1023 648 1062 v.
662 1006 819 1076 amima»,

175 1119 184 1139 b
243 1120 258 1137 Ν
313 1118 321 1136 9
365 1121 372 1142 Ι
469 1119 476 1139 ⁸
625 1121 632 1145 Ι

138 1141 201 1196 argos
215 1142 299 1193 τοιχον
311 1121 453 1184 mandaras
467 1142 488 1178 tr
501 1136 654 1199 παλιναιᾳ,

89 1229 111 1289 ri
124 1243 206 1291 recte
219 1236 364 1302 basilicas
378 1236 498 1315 corrigit
520 1236 651 1316 Toupius
671 1238 710 1299 ed
733 1238 816 1299 Suid.
841 1237 877 1300 T.
901 1237 955 1298 1v.
979 1259 1010 1320 p.
1031 1243 1103 1300 406.
1122 1236 1189 1298 vida

89 1312 259 1380 aisfnrdium
273 1316 311 1375 ad
326 1317 478 1398 Hephaest.
493 1338 523 1396 p.
537 1321 605 1378 243.
647 1319 713 1379 Nec
726 1330 824 1379 tamen
838 1319 981 1391 dubitem,
1003 1319 1072 1400 quin
1086 1318 1117 1377 in
1129 1317 1189 1400 pri·
1231 1370 1235 1377 .

92 1412 109 1451 o
131 1394 217 1473 pede,
240 1397 290 1457 nbi
311 1418 434 1460 numero
451 1399 601 1460 trochaico
625 1399 756 1460 nondum
777 1401 895 1480 incepto
916 1401 1011 1460 minus
1025 1413 1131 1462 exacta
1144 1411 1189 1461 est

89 1477 240 1556 imperatio
264 1490 438 1559 temporum,
459 1481 567 1560 pariter
587 1500 623 1541 ac
636 1481 759 1576 tragici,
779 1493 956 1561 anapaestum
974 1482 1121 1542 interdum
1134 1480 1187 1542 ad·

91 1554 200 1618 iserint.
241 1559 411 1639 Spondeum
425 1562 543 1642 quidem
557 1562 587 1620 in
600 1562 757 1643 imparibus
770 1561 842 1622 locis
856 1562 974 1623 minime
987 1563 1188 1636 reformidant,

89 1636 220 1699 umato
233 1652 331 1702 tamen
345 1643 460 1722 parcius
475 1664 511 1705 eo
524 1643 611 1724 pede,
632 1663 719 1723 quarn
734 1643 849 1723 tragici,
870 1645 915 1704 usi
929 1655 1007 1704 sunt.
1048 1644 1187 1714 Quinali·

89 1719 176 1779 tando
202 1721 239 1781 de
262 1724 404 1785 industria
416 1724 538 1804 integris
562 1725 592 1783 in
617 1725 793 1785 carminibus
814 1744 902 1805 puros
923 1723 1033 1785 iambos
1057 1726 1188 1806 posuisse

89 1798 203 1876 dentur,
215 1804 294 1882 quod
305 1805 434 1867 imitatus
444 1819 488 1867 est
503 1807 636 1868 catullus
648 1807 679 1865 in
693 1807 804 1887 phaseli
818 1805 1013 1885 descriptione
1028 1825 1117 1866 carm.
1132 1808 1186 1868 1v.

100 1885 128 1942 3.
141 1882 336 1946 Recentiores
349 1887 415 1966 plus
429 1886 618 1949 sibilicentiae
628 1889 784 1969 sumpsisse
795 1887 935 1948 credibile
946 1898 1001 1959 est,
1009 1888 1189 1966 tragicorum

89 1963 297 2046 ›micorumque
311 1968 448 2049 exemplo
462 1969 616 2042 adductos,
637 1971 692 2030 etsi
705 1969 736 2028 id
748 1989 808 2029 non
822 1970 859 2030 de
874 1969 1008 2028 omnibus
1028 1968 1187 2030 affirmave·
1222 2036 1229 2047 Ι

89 2063 122 2104 n.
164 2046 275 2108 Saltem
289 2049 320 2107 in
335 2051 462 2110 carmine
476 2051 526 2110 illo
540 2051 570 2109 in
585 2052 781 2123 Demetrium,
803 2050 883 2128 quod
899 2049 1060 2109 Athenaeus
1081 2050 1136 2110 VI.
1157 2071 1186 2129 p.

89 2131 128 2187 53.
141 2130 276 2203 servavit,
297 2142 327 2191 ct
348 2131 527 2194 tribrachum
546 2133 776 2211 frequentiorem
796 2150 860 2191 esse
880 2129 1022 2206 videmus,
1043 2141 1074 2191 et
1095 2131 1186 2192 semel

89 2207 147 2268 iam
161 2222 326 2291 anapaestus
340 2225 476 2293 receptus
490 2225 547 2286 est,
566 2234 594 2272 v.
610 2216 658 2278 17.

138 2322 155 2393 d
168 2327 212 2383 otis
226 2326 293 2396 sio-ir,
313 2326 368 2395 iisd
377 2327 544 2409 ησύ-ἔχουσιν
556 2331 613 2405 ipis
628 2325 681 2388 oili
693 2324 725 2388 ir.

89 2457 124 2496 uo
138 2437 256 2516 quidem
267 2457 352 2498 versu
362 2459 422 2498 non
430 2452 497 2500 utar
506 2441 544 2500 ad
554 2440 693 2501 tuendam
704 2441 790 2499 aliam
798 2441 951 2520 elegantiae
959 2440 1185 2519 neglectionem‚

89 2537 122 2575 1ae
134 2530 179 2577 est
194 2518 224 2576 in
237 2519 326 2598 longa
338 2521 449 2600 syllaba
462 2523 541 2581 finali
554 2522 681 2601 priorem
694 2532 807 2601 partem
826 2523 922 2602 quinti
944 2523 1026 2602 pedis
1050 2534 1184 2583 tenente:

89 2617 167 2678 equa
181 2620 212 2659 re
225 2601 301 2661 infra
313 2621 404 2680 segm.
419 2608 447 2664 9.
457 2603 580 2663 dicetur.
694 2614 699 2627 ¹

97 2687 127 2740 4.
148 2681 308 2759 Singularis
323 2694 366 2743 est
379 2683 459 2743 lusus
474 2685 652 2746 Castorionis
668 2682 805 2756 Solensis,
827 2696 1071 2745 commemoratus
1084 2683 1182 2744 aPor·

89 2781 128 2821 no
141 2761 171 2819 in
185 2763 326 2842 supplem.
339 2766 421 2844 praef.
434 2766 472 2825 ad
487 2769 565 2827 Hec.
577 2787 606 2846 p.
624 2769 673 2830 27.
688 2785 726 2825 ex
742 2765 888 2826 Athenoeo
904 2766 942 2824 X.
956 2787 986 2845 p.
1000 2772 1070 2827 454.
1079 2765 1113 2824 F.
1154 2768 1183 2825 Is

89 2863 195 2903 rmnum
216 2844 245 2903 in
267 2845 377 2905 Panem
396 2847 518 2919 fecerat,
539 2866 629 2926 quum
649 2846 712 2907 aliis
732 2846 762 2904 in
781 2847 868 2907 rebus
882 2848 989 2907 exilem
1003 2845 1183 2925 diligentiam

89 2943 240 3002 rpromens,
262 2938 325 3002 tum
345 2928 475 2988 versibus
495 2929 526 2987 in
539 2928 667 3008 singulas
680 2926 812 3006 dipodius
826 2928 994 3023 descriptis,
1009 2948 1075 3008 quae
1090 2945 1180 2986 caesu-
1278 2954 1281 2959 ·

89 3008 245 3100 rumuratio
269 3020 388 3090 propter
409 3021 581 3091 perpetuam
601 3008 733 3088 ejusdem
753 3008 862 3072 ordinis
879 3010 1084 3092 repetitionem
1098 3008 1182 3070 valde

89 3105 181 3148 suasus
195 3099 255 3149 est:
928 3112 932 3123 ·

136 3206 163 3266 oi
176 3212 217 3265 ris
228 3206 314 3278 βᾶλοις
329 3206 487 3286 sapasim
500 3207 659 3291 docxslpcsgor

136 3284 289 3360 imtvt'iia,
309 3290 426 3372 Sagiropss
440 3288 512 3361 ndi,
532 3291 605 3368 χθόν’
618 3287 760 3372 'Agneidan

134 3367 222 3450 sapiae
233 3374 326 3453 γςιφῇ
336 3369 389 3452 τῇδ’
404 3373 424 3431 ἓν
437 3375 513 3454 σοφῇ,
534 3369 675 3444 xoiyaeaur’
688 3368 734 3436 isra

135 3453 241 3522 cordati,
262 3451 336 3526 ἶίνιιξ,
357 3451 508 3526 limiam
520 3456 555 3528 μὲ
567 3458 650 3526 σοφοῖς
664 3451 758 3524 stiur,

134 3532 289 3593 Messoa-ibt
300 3535 357 3614 dig,
372 3535 507 3617 sagixorsr
521 3530 546 3599 ‘is
559 3534 739 3611 μα’λιγμῚιῒς.

95 3649 123 3706 5.
150 3646 358 3724 Progredimnr
381 3648 419 3707 ad
443 3665 620 3708 sasamon
640 3647 815 3718 trimetrum,
845 3641 897 3723 qui
916 3642 975 3703 dici
1002 3641 1055 3703 rix
1079 3655 1180 3722 potest

89 3737 193 3787 tantum
208 3729 284 3786 viros
299 3727 401 3788 doctos
415 3729 590 3789 exercuerit.
632 3727 704 3806 Ejus
718 3726 850 3804 legitima
868 3743 979 3785 caesura
1002 3725 1104 3786 mem
1125 3739 1180 3801 est,

89 3827 139 3867 tam
153 3811 189 3868 ab
204 3810 331 3888 antiquis
344 3810 557 3890 iambograpbis
570 3809 722 3890 probatam
736 3807 873 3882 diximus,
894 3827 960 3888 quoe
974 3810 1151 3892 πνθιμιμιςὺς
1166 3829 1184 3870 a

89 3890 250 3949 ammaticis
263 3902 397 3952 vocatur:

135 4006 245 4085 Κάδμου
258 4013 374 4080 aoniam,
391 4005 397 4089 Ι
415 4010 465 4088 xpi
480 4007 558 4080 λέγειν
572 4010 606 4067 τὰ
619 4009 717 4090 selgae.

89 4142 126 4181 1ae
149 4140 263 4181 caesura
283 4121 339 4180 etsi
359 4120 506 4200 aptissime
526 4140 642 4181 versum
662 4121 693 4179 in
707 4120 779 4180 duas
792 4138 889 4201 neque
903 4116 1064 4190 dissimiles,
1085 4137 1182 4198 neque

89 4204 176 4262 mium
190 4202 298 4262 similes
312 4213 409 4282 partes
423 4202 536 4273 dividit,
557 4216 655 4264 tamen
669 4203 693 4262 si
707 4221 821 4282 semper
834 4213 865 4261 et
885 4199 1048 4261 necessario
1061 4218 1183 4279 usurpa.

89 4297 144 4363 tur,
166 4284 229 4367 ipsa
242 4303 369 4365 quoque,
390 4283 520 4347 versibus
533 4285 667 4347 omnibus
680 4284 799 4346 eosdem
811 4302 927 4365 semper
939 4300 1076 4344 numeros
1096 4279 1181 4342 exhi·
