2694 4866
246 250 306 313 DE
329 247 673 312 PERMUTATIONE
696 247 992 315 NUMERORUM.
1146 260 1184 318 15

53 439 166 485 eonas.
206 419 252 482 Ea
262 422 296 480 in
309 421 461 500 dactylicis
475 420 621 481 invenitur
634 420 678 494 iis,
693 420 743 500 qui
754 419 988 482 choriamborum
1001 434 1089 501 atque
1104 421 1184 482 loui-

55 524 162 565 corum
185 522 292 563 nomen
306 505 424 563 habent.
466 502 565 562 Posito
590 514 634 562 est
646 513 747 567 'autem
770 503 800 561 in
814 523 861 575 eo,
875 515 909 562 ut
932 524 998 583 pars
1012 505 1127 564 theseos
1139 505 1186 564 vel

54 604 233 647 anacrusaos
256 585 410 654 recidatur,
436 596 467 645 et
486 595 555 644 ante
576 585 652 643 arsin
676 583 722 642 vel
736 595 769 643 ut
793 586 955 658 anacrusis,
979 586 1025 645 vel
1040 597 1072 645 ut
1096 586 1186 646 thesis
1266 630 1270 637 ‚

54 669 236 729 collocetur.

134 782 214 847 .’.υ
224 815 248 846 υ
329 780 370 843 ,ἷ-
378 814 433 845 oo
513 780 555 843 .⁴.
571 782 577 864 Ι
591 817 646 846 oo
654 782 695 843 .‘.

141 880 246 945 υ.’..υ
325 914 350 944 υ
364 880 370 962 Ι
384 878 457 944 Lo
536 879 715 963 vss'uss

56 1012 266 1093 Monosyllaba
279 1012 427 1073 anacrusis
441 1023 549 1084 autem,
565 1014 693 1093 itemque
706 1012 772 1073 finis
786 1013 893 1074 ordinis
911 1033 1003 1094 quum
1017 1033 1124 1094 anceps
1133 1016 1185 1086 sit,

55 1106 92 1155 ut
114 1095 191 1155 infra
205 1094 385 1163 ostendetur,
408 1095 496 1154 etiam
509 1096 737 1174 palimbacchius
761 1115 815 1175 pro
828 1096 1035 1175 amphibracho
1057 1098 1184 1175 ponitur.

46 1176 106 1237 ,Ita
129 1176 307 1255 permutatio
329 1195 527 1250 numerorum,
552 1197 617 1256 quae
630 1177 661 1236 in
686 1177 854 1237 choriambo
875 1188 905 1236 et
929 1178 1036 1236 Ionicis
1059 1178 1187 1238 numeris

54 1258 165 1317 usitata
178 1269 233 1329 est,
248 1277 306 1316 uua
319 1269 364 1317 est
378 1257 554 1337 eademque:
574 1259 594 1318 i.
608 1279 636 1319 e.
649 1259 672 1318 si
687 1259 762 1318 solas
775 1259 900 1339 syllabas
913 1259 1042 1339 respicis,
1053 1258 1186 1340 dactylus

54 1338 87 1397 iu
101 1337 343 1418 amphibrachum
355 1350 501 1401 mutatur:

144 1450 304 1518 Leo...
335 1474 338 1479 ’
546 1454 731 1521 choriambus

181 1551 190 1575 Ι

551 1650 669 1713 Ionicus
683 1652 812 1733 amajori

141 1851 786 1938 oosslssloosslssloniciaminori
869 1913 874 1917 .

222 1949 230 1974 Ι
313 1950 325 1975 ·Ι
417 1951 429 1976 4
487 1951 499 1976 Ἰ

141 1951 516 2036 „ro-rhium..

100 2090 131 2146 6.
153 2087 264 2152 Quinta
277 2086 403 2164 denique
416 2106 603 2146 numerorum
617 2088 839 2165 permutatiolit
853 2106 915 2148 rau
935 2105 1187 2151 rvuausrosmro-

60 2174 133 2228 rebus
158 2184 279 2226 charra
305 2176 447 2228 ubuum.
485 2169 534 2226 Fra
551 2169 673 2246 propria
694 2179 738 2227 est
751 2188 886 2228 versuum
911 2170 1129 2248 Glyconeorum
1152 2190 1190 2230 ac
1283 2234 1286 2241 ,

61 2250 335 2320 Pherecrateorum,
360 2248 468 2328 quique
492 2269 531 2308 ex
554 2249 598 2306 his
622 2249 775 2328 compositi
799 2261 876 2309 sunt.
919 2254 994 2311 Nam
1017 2270 1117 2309 versus
1140 2251 1189 2310 isti

61 2349 153 2469 puram
166 2330 283 2409 proprie
305 2329 458 2390 videantur
482 2330 669 2390 choriambici
683 2330 805 2391 dimetri
826 2351 899 2404 esse,
914 2352 953 2392 ex
976 2332 1143 2392 choriambo
1157 2343 1189 2393 et

83 2409 182 2491 ipodra
194 2411 328 2484 iambica,

144 2524 466 2596 -Ι-Ηυιι-υε-Ι-υη-ι-
546 2525 821 2596 -έ-υυ-υ-ζιυ

62 2659 166 2719 ultimo
178 2660 256 2739 pede
269 2661 299 2718 in
313 2659 487 2739 principium
507 2665 640 2740 trajecto,
656 2678 715 2739 quo
733 2660 782 2719 ille
795 2662 826 2717 in
838 2660 905 2720 loco
925 2677 1060 2738 magnam
1069 2657 1188 2738 accepit
1267 2710 1270 2714 ,

64 2759 208 2802 mensurae
220 2741 395 2814 libertatem,
410 2743 464 2801 hos
477 2742 663 2821 praebuerunt
679 2760 834 2801 numeros:

145 2971 219 3002 υ-
248 2937 508 3012 ..fluusque-'-
581 2975 662 3007 ...u
690 2938 848 3003 ssw-
876 2973 900 3005 υ

134 3038 222 3083 ”-υ
586 3056 660 3085 υ..-

10 3134 15 3148 ’
72 3147 121 3212 Est
134 3166 226 3227 certe,
240 3155 291 3216 ubi
303 3155 349 3214 hae
362 3155 463 3215 formae
476 3175 544 3216 cum
558 3156 623 3229 illis,
638 3175 709 3235 quas
722 3177 810 3236 supra
822 3157 915 3236 posui,
925 3157 1097 3217 commutari
1110 3155 1191 3219 vide-

70 3244 161 3295 antur.
202 3235 281 3296 Illud
293 3256 362 3296 vero
376 3248 490 3297 certum
504 3249 558 3308 est,
572 3257 688 3298 uersum
698 3239 898 3319 Glyconeum,
914 3239 963 3318 qui
978 3249 1023 3300 est
1034 3239 1084 3298 hic
1098 3239 1169 3317 ipse.

145 3468 221 3499 ν-
253 3431 409 3498 ..ι-υυι-
435 3433 507 3498 u:-

146 3548 222 3578 -υ

69 3643 152 3704 aliam
175 3645 273 3704 subire
302 3664 489 3706 numerorum
513 3648 780 3719 commutationem,
811 3647 913 3706 ultimo
931 3644 1011 3724 pede
1038 3665 1136 3706 rursus
1159 3646 1191 3706 in

75 3725 240 3807 principium
255 3726 356 3785 eadem
372 3747 439 3788 cum
452 3729 570 3788 licentia
591 3748 733 3790 mensurae
746 3731 880 3806 trajecto,
901 3747 959 3805 quo
973 3727 1052 3786 facto
1065 3727 1114 3787 ille
1127 3747 1190 3806 pes,

75 3807 343 3949 quidchoriambum
367 3810 518 3887 praecedit,
542 3812 675 3871 stabilem
700 3809 820 3870 trochaei
842 3810 964 3870 formam
992 3808 1109 3889 accipit,
1132 3808 1190 3871 hoc

71 3903 116 3948 mo
137 3909 156 3948 0

143 4118 218 4149 υ-
244 4084 317 4151 ssv
341 4085 515 4176 -Ι-ψψι...Ι

134 4200 221 4232 ,na-U
