2694 4866
155 280 199 340 oe.
547 226 628 332 nm.
648 268 691 332 11.
712 269 805 332 car.
825 268 916 331 xm.

158 462 224 526 req.
264 441 309 502 Hi
321 458 391 503 vero
405 451 553 520 anapesto
567 440 702 500 omnibus
714 439 787 500 locis
796 439 911 500 veniam
930 450 1139 520 poposcerunt.
1175 439 1284 511 Quam·
1295 460 1309 521 4

159 546 219 606 que
233 535 329 585 totum
343 533 469 603 systema
484 541 543 582 uno
556 540 679 581 numero
700 521 847 593 decurrat,
867 540 906 582 ne
927 539 964 581 ue
984 521 1143 601 ancipitem
1163 542 1228 585 esse
1245 520 1284 585 nl·
1307 542 1309 577 2

159 609 261 668 timum
274 624 410 666 versuum
423 604 564 685 syllabam
577 603 739 682 patiuntur,
760 614 791 663 et
805 622 869 663 eam
882 622 916 684 sy
938 604 1022 662 ubam
1042 603 1073 662 in
1095 603 1169 664 duas
1188 605 1283 667 breve

161 688 288 759 solvunt,
313 698 485 766 partemque
510 685 645 745 vocabuli
670 684 700 743 in
725 696 896 764 sequentem
918 704 1035 744 versum
1058 685 1209 766 deponere
1230 704 1281 747 non

161 769 307 833 dubitant
349 768 533 847 clauduntur
547 778 704 847 systemata
718 766 774 826 ista
794 786 879 826 versu
900 766 1082 839 catalectico,
1104 768 1281 848 sepequein

160 851 259 912 medio
272 862 431 930 systemate
444 850 533 908 etiam
547 859 730 908 monometro
745 848 907 909 acatalecto
916 848 998 907 locus
1008 858 1062 908 est.
1092 848 1282 911 Catalectictn

159 952 259 993 versus
282 951 398 1011 semper
421 931 451 989 iu
477 930 638 990 Bacchium
658 931 732 1002 exit,
752 928 856 990 ultimo
878 929 974 990 iambo
995 948 1080 1008 puro,
1101 930 1281 1009 quoniumin

108 1023 113 1046 ⁸
159 1015 219 1075 fine
242 1033 354 1087 versus,
374 1024 435 1071 tam
458 1011 605 1090 debilique
630 1012 659 1069 in
674 1011 776 1071 ordine
794 1030 855 1073 non
871 1011 941 1072 satis
963 1020 1034 1092 apta
1051 1011 1130 1074 foret
1152 1011 1283 1094 bisyllsbs

160 1096 317 1157 anacrusis.
361 1093 574 1172 Aristophanes
588 1093 618 1150 iu
634 1095 690 1174 Eq.
710 1099 780 1156 453.

240 1213 303 1274 υἷ’
317 1213 391 1271 airis
404 1194 580 1293 isigrxelrm
589 1215 636 1271 acl

240 1294 364 1376 γέστςιζο
376 1299 453 1353 τοῖσιν
467 1294 563 1375 irrigua

240 1383 285 1437 ml
300 1382 351 1441 τοῖς
361 1374 454 1440 alacre·

279 1454 460 1537 χῧπαςμολᾷ
470 1461 511 1516 rit
525 1454 614 1540 iitiga-

67 1606 70 1611 ,
164 1554 273 1619 Solutae
287 1554 397 1619 nltimae
412 1555 579 1633 exemplum
594 1566 639 1615 est
652 1552 682 1611 iu
697 1551 828 1616 Acham.
844 1558 932 1619 1040.

240 1657 353 1734 merigis
367 1657 399 1716 rb
411 1661 453 1722 rit
467 1653 557 1735 xogiir
571 1661 600 1716 ci
614 1655 684 1735 paim,

281 1742 328 1805 τὰς
342 1739 431 1804 σηπίας
446 1737 562 1796 nitiva

159 1850 305 1911 Vocabuli
319 1850 395 1909 inter
408 1849 482 1909 duos
494 1867 595 1909 versus
609 1847 755 1910 distributi
769 1849 904 1932 exempla
917 1848 1008 1910 habes
1020 1849 1051 1909 in
1066 1849 1124 1933 Eq.
1138 1857 1207 1918 912
1217 1859 1273 1920 915.

157 1945 189 1994 et
200 1952 428 2091 affictamque
442 2011 547 2071 comici
560 2012 605 2070 his
619 2011 785 2091 systematis
799 2010 880 2092 paria
892 2012 1113 2092 antisystemata
1126 2025 1268 2099 opponmt,

144 2106 194 2156 ‚nt
207 2096 237 2155 in
252 2094 491 2154 Acharnensibus
504 2094 616 2153 factum
630 2107 673 2153 est
686 2113 714 2152 v.
728 2098 798 2155 929.
816 2114 897 2174 seqq.
916 2113 1039 2174 quorum
1060 2109 1174 2175 partem
1196 2114 1268 2180 quom
1299 2142 1309 2167 ,

159 2189 242 2240 recte
256 2176 441 2257 descripserit
455 2175 637 2236 Gaisfordius
654 2196 684 2254 p.
699 2176 917 2237 claudentur
931 2176 1019 2235 etiam
1032 2177 1131 2255 priora
1144 2199 1162 2240 a
1174 2202 1201 2240 r.
1214 2183 1266 2243 999·
1298 2190 1309 2199 “

65 2295 76 2311 «.
158 2279 251 2338 usque
265 2259 303 2318 ad
316 2263 386 2320 934.
401 2257 504 2317 eodem
519 2256 825 2318 modo'constituenda
838 2275 911 2318 esse.
952 2257 1007 2317 Est
1021 2258 1099 2318 enim
1115 2260 1203 2324 totius
1220 2276 1267 2344 cm

158 2341 244 2400 minis
258 2341 322 2400 haec
336 2339 507 2418 descriptio:

239 2455 588 2537 α.α.β.α.Ια.ω.β.ω.

157 2569 188 2628 in
202 2587 261 2648 qua
273 2587 326 2648 per
338 2568 466 2628 litteram
480 2596 499 2629 a
509 2578 668 2649 systemata
680 2568 815 2642 iambica,
836 2591 890 2651 per
903 2571 1015 2643 abinus
1025 2562 1266 2653 catalecticum
1294 2568 1302 2575 ’

158 2650 315 2730 utrobique
336 2650 437 2710 inserti
458 2662 537 2725 suut,
562 2650 696 2711 indicavi
738 2652 821 2711 Idem
846 2653 1028 2714 Gaisfordiua
1050 2676 1141 2734 quum
1164 2679 1193 2739 p.
1214 2658 1266 2720 alls

158 2734 257 2792 locum
268 2752 306 2792 ex
321 2733 377 2792 alio
392 2732 522 2814 ejusdem
537 2732 643 2792 fabulae
657 2743 815 2813 systemate
829 2754 858 2794 v.
875 2741 962 2797 1038.
981 2736 1129 2798 *Dawesio
1143 2741 1265 2818 obsequn·

84 2842 90 2848 ·
159 2826 217 2887 tus,
238 2815 410 2875 mendosum
431 2825 526 2894 putat,
546 2814 616 2895 quia
638 2815 714 2876 ictus
737 2814 768 2873 in
792 2815 923 2877 ultimam
945 2816 1024 2877 vocis
1045 2817 1267 2904 hyperdisyllabs

118 2970 120 2975 4
159 2897 297 2976 syllabam
310 2895 399 2968 cadit,

175 3049 176 3053 =
243 3011 387 3074 σπονδαῖσιν
401 3011 453 3076 idi·
469 3015 531 3072 noritt
543 3011 589 3073 's'ot-

279 3119 318 3153 aar
333 3092 408 3154 tridui
420 3092 581 3172 parabolem,

157 3228 262 3272 vereor
276 3227 314 3268 ne
326 3210 406 3287 justo
420 3209 485 3288 plus
498 3209 539 3268 illi
553 3210 662 3288 regulae
675 3211 820 3275 tribuerit.
861 3211 938 3273 Nam
958 3214 1040 3275 nulla
1063 3214 1159 3284 estin
1200 3238 1204 3261 τ
1233 3229 1267 3259 ³¹*

161 3291 271 3370 regulis
295 3290 463 3363 necessitas,
484 3291 536 3350 sed
556 3293 800 3370 quemadmodum
821 3304 936 3354 veteres
958 3297 988 3354 in
1011 3294 1178 3378 hujusmodi
1219 3313 1250 3340 ’ν
1288 3295 1309 3332 ²

159 3375 248 3432 unice
262 3371 302 3443 id,
324 3373 404 3451 quod
417 3372 534 3431 auribus
548 3374 730 3451 probaretur,
751 3376 932 3454 spectabant,
954 3377 997 3437 ita
1016 3398 1070 3438 nos
1092 3394 1209 3457 quoque
1234 3404 1236 3421 ι
1257 3398 1260 3404 ⁴
1282 3398 1309 3454 3..

158 3454 323 3536 repudiare,
344 3454 368 3512 si
389 3454 507 3532 qnando
529 3454 571 3511 illi
591 3457 817 3533 negligentiores
830 3458 960 3531 fuerunt,
982 3472 1013 3518 et
1026 3459 1127 3520 videre
1141 3476 1223 3518 cunr
1234 3476 1262 3522 t.
1278 3476 1283 3493 ³

153 3559 195 3601 sn
208 3536 354 3596 interdum
368 3536 470 3614 regula
483 3535 545 3594 sine
559 3535 716 3596 offensione
731 3540 879 3599 contemni
892 3541 1029 3618 potuerit.
1070 3541 1167 3620 Atqui
1184 3539 1213 3597 in
1237 3562 1240 3576 .
1285 3565 1309 3605 ς

155 3618 310 3692 vocabulo,
330 3619 416 3698 quale
430 3617 566 3691 otiirlest,
587 3619 667 3697 quod
680 3631 784 3679 natura
797 3640 850 3680 sua
863 3634 1019 3682 accentum
1033 3624 1064 3681 in
1075 3622 1178 3683 ultima
1193 3646 1198 3670 ⁶
1211 3645 1213 3650 ¹
1277 3654 1309 3668 ¹

157 3701 235 3762 ultro
256 3700 459 3780 pronunciatio
473 3700 532 3773 illa,
554 3720 641 3780 quam
655 3714 780 3760 metrum
794 3703 843 3761 hic
858 3703 988 3782 requirit,
1009 3722 1074 3764 sese
1087 3704 1182 3766 offert.
1230 3730 1242 3763 ¹.
1260 3769 1261 3782 .
1281 3755 1309 3769 ψ

197 3789 226 3843 4.
248 3781 423 3859 Plerumque
437 3783 542 3842 comici
552 3803 570 3842 a
582 3783 720 3843 trimetris
730 3783 829 3843 aliisve
842 3784 1022 3863 longioribus
1035 3786 1166 3846 versibus
1175 3782 1227 3845 sd:
1244 3817 1248 3820 ·
1281 3819 1282 3823 =

157 3862 322 3922 breviorum
334 3873 490 3940 systemata
498 3865 733 3942 progrediuntur.
774 3867 920 3946 Exempla
932 3867 1065 3946 quaedam
1076 3886 1173 3928 comm
1217 3890 1234 3908 ²
1255 3870 1258 3877 ’
1275 3893 1280 3906 ·
1307 3925 1309 3929 .

157 3943 200 4001 vit
224 3943 415 4002 Gaisfordius.
456 3943 609 4003 Interdum
632 3947 697 4005 haec
719 3958 878 4027 systemata
900 3949 1019 4028 propius
1042 3948 1082 4008 ad
1101 3960 1211 4028 strop
1280 3946 1309 3995 ’ί

75 4052 77 4057 ·
156 4026 289 4082 naturam
305 4024 461 4096 accedunt,
482 4044 570 4102 quum
586 4047 624 4084 ex
638 4027 769 4104 pluribus
790 4028 909 4089 diversis
930 4049 1065 4089 versuum
1080 4030 1182 4091 formis
1225 4037 1263 4076 Ν
1307 4066 1309 4071 .

158 4115 318 4183 ponuntur.
357 4106 552 4164 Memorabile
573 4119 700 4186 systema
713 4121 758 4167 est
772 4109 801 4167 in
817 4111 929 4191 Avibus
943 4131 960 4171 a
973 4131 999 4178 v,
1016 4117 1086 4174 418.
1100 4112 1181 4190 quod
1193 4109 1243 4169 du
1280 4149 1291 4184 4
1306 4188 1309 4192 ¹

157 4185 259 4245 miacis
277 4196 307 4243 et
320 4187 451 4247 trimetro
465 4186 669 4266 interruptum,
690 4188 807 4263 deiude,
829 4204 861 4252 ut
879 4212 941 4252 mos
956 4203 1010 4267 est,
1032 4193 1208 4254 catalectico
1225 4216 1244 4239 u

157 4278 213 4328 tur.
257 4266 316 4325 Sed
330 4269 447 4327 omnino
462 4269 491 4327 in
505 4269 550 4328 his
564 4271 651 4329 rebus
664 4288 770 4348 magna
782 4273 906 4334 varietas
921 4286 975 4336 est.
1238 4282 1243 4293 '
1289 4268 1296 4284 ”

196 4355 225 4412 5.
246 4348 342 4410 Etiam
362 4351 440 4432 apud
461 4351 588 4431 tragicos
609 4352 725 4413 dimetri
744 4356 899 4419 acatalecti
920 4367 1246 4442 perpetrationem-1³
1286 4318 1293 4345 ἥ
