2694 4866
169 331 221 390 aiv
625 322 875 395 Dtnlcfflo.

172 495 507 578 mamnr'21’orsonus
531 492 628 574 igitur,
649 493 709 554 sive
729 511 790 554 non
813 493 923 553 habens
945 510 1055 572 parem,
1075 512 1127 553 seu
1151 504 1232 555 ratus
1250 496 1303 570 ita,

174 612 265 674 quum
279 592 310 651 id
332 611 391 651 non
414 593 534 667 celaret,
555 591 614 651 hoc
635 602 680 651 est
703 610 722 650 a
742 590 929 670 popularibus
949 592 1007 652 suis
1027 603 1234 672 consequutus,
1258 603 1302 666 ut,

171 689 249 762 fassi,
271 689 423 751 dissentire
446 691 483 750 ab
506 710 542 750 eo
567 689 647 749 nefas
669 688 792 758 ducant;
818 708 876 749 non
897 709 1166 771 oequumlnequee
1194 709 1227 750 re
1248 710 1302 751 sua

171 789 323 862 facientes,
348 808 437 870 quum
457 800 575 849 exteros
599 808 717 868 quoque
738 787 815 853 iden
841 787 988 848 servitium
1011 789 1109 849 subire
1128 789 1243 863 volunt,
1263 791 1302 850 si·

173 887 292 969 quidem
313 907 414 949 eorum
435 886 554 947 demum
571 890 651 965 justa
671 896 717 947 est
730 897 818 965 atque
839 887 963 946 honesta
982 887 1143 957 admiratio,
1158 889 1209 967 qui
1222 908 1302 949 mor·

174 985 263 1047 talem
277 986 389 1047 nullum
410 985 515 1046 erroris
531 985 689 1045 immunem
710 1004 773 1045 esse
794 1004 948 1057 memores,
969 998 1001 1045 ut
1021 985 1112 1046 libere
1126 986 1303 1048 dissentiunt

173 1085 211 1146 ab
232 1084 305 1160 aliis,
326 1087 368 1145 ita
388 1083 443 1164 ipsi
466 1084 657 1161 modestiores
681 1095 759 1144 suut.
800 1083 873 1144 Post
898 1084 1059 1144 Porsonum
1081 1085 1212 1165 plerique
1236 1086 1301 1146 Bri·

173 1195 329 1246 munorum
342 1181 415 1243 nihil
428 1183 505 1244 ultra
517 1184 668 1256 audentes,
682 1184 721 1243 ad
733 1183 938 1262 grammaticos
952 1184 1056 1262 relapsi
1065 1195 1142 1244 sunt.
1183 1184 1301 1264 Dignus

124 1305 127 1312 ·
173 1293 220 1347 est
233 1295 342 1357 tamen,
357 1268 408 1363 qui
421 1283 513 1343 multa
527 1304 593 1343 cum
608 1284 694 1344 laude
705 1294 949 1345 commemoretur
968 1282 1158 1354 Gaisfordius,
1172 1283 1215 1341 vir
1229 1283 1301 1344 doc-

173 1381 312 1455 tissimus,
332 1383 383 1461 qui
407 1383 461 1442 etsi
474 1402 540 1442 raro
562 1402 646 1443 suum
669 1380 842 1461 interposuit
862 1381 1015 1459 judicium,
1037 1391 1135 1442 tamen
1160 1395 1190 1441 et
1209 1383 1302 1461 probe

173 1499 206 1542 se
233 1479 368 1540 didicisse
392 1481 445 1540 has
467 1501 523 1553 res,
548 1493 579 1541 et
600 1480 691 1541 libere
705 1498 789 1560 posse
810 1499 845 1539 ac
858 1480 921 1541 sine
935 1480 1096 1561 cupiditate
1106 1480 1239 1558 judicare
1254 1500 1300 1540 os·

176 1577 281 1641 tendit.
322 1579 397 1639 Hac
418 1579 558 1658 praeclara
574 1579 664 1640 editio
679 1577 895 1659 Hephaestionis
915 1599 1009 1660 nuper
1022 1578 1151 1652 demum,
1164 1578 1305 1658 impressa

170 1675 234 1755 jam
246 1687 331 1756 parte
353 1677 460 1756 aliqua*
473 1678 550 1752 libri,
566 1697 653 1757 quem
666 1696 746 1739 nunc
759 1675 876 1756 accipis,
899 1679 1066 1752 Bliimnere,
1079 1678 1118 1738 ad
1131 1697 1179 1738 me
1191 1678 1304 1758 perlata

175 1785 230 1835 est.
272 1775 362 1854 Apud
396 1787 549 1848 nostrates,
585 1795 709 1856 quorum
742 1776 806 1837 haec
837 1775 990 1855 singularis
1012 1776 1103 1836 virtus
1134 1785 1189 1848 est,
1222 1775 1303 1856 quod

176 1871 342 1952 colligendo
363 1892 423 1933 non
443 1874 587 1948 contenti,
601 1873 690 1934 etiam
707 1874 738 1932 in
762 1893 878 1936 caussas
901 1893 998 1935 rerum
1021 1873 1167 1953 inquirere
1193 1883 1304 1947 amant,

175 1971 258 2050 Aug.
286 1970 433 2031 Seidlerus
466 1974 597 2034 versibus
630 1972 819 2048 dochmiacis,
849 1994 881 2034 re
914 1972 1090 2045 difficillima,
1124 1972 1305 2051 explicandis

98 2069 104 2077 '
176 2069 253 2150 plus,
284 2088 371 2150 quam
392 2071 545 2152 quisquam
565 2071 639 2132 alius
658 2073 697 2132 ad
723 2083 882 2141 metrorum
900 2071 1052 2132 scientiam
1072 2072 1206 2132 contulit.
1248 2072 1307 2141 Qui

175 2169 232 2230 etsi
254 2187 291 2231 eo
313 2169 344 2228 iu
367 2168 442 2230 libro
469 2169 585 2232 videtur
611 2170 770 2250 aliquanto,
798 2191 884 2253 quam
911 2171 1047 2241 debebat,
1074 2169 1212 2228 audacior
1235 2168 1307 2228 fuis·

175 2286 218 2343 ae,
248 2280 347 2330 tamen
373 2270 571 2350 intelligentes
600 2271 704 2330 herum
738 2290 835 2330 rerum
862 2270 977 2349 judices
1004 2289 1063 2328 uon
1090 2267 1195 2342 solum,
1218 2285 1307 2346 quam

175 2366 292 2428 difficile
318 2367 366 2439 sit,
386 2368 483 2427 sciunt
506 2369 635 2438 modum,
666 2367 716 2427 ubi
742 2386 818 2427 nova
844 2367 984 2446 proferas,
1016 2377 1128 2437 tenere,
1154 2366 1207 2425 sed
1233 2362 1307 2423 illud

175 2464 264 2525 etiam
283 2463 425 2541 cogitant,
449 2474 587 2544 praestare
607 2463 726 2525 utilibus
745 2464 932 2527 admiscuisse
946 2464 1055 2544 aliquid
1067 2464 1141 2537 falsi,
1155 2482 1243 2542 quam
1256 2481 1307 2523 va·

178 2560 235 2622 cira
261 2580 370 2632 errore,
392 2562 444 2621 sed
466 2561 580 2621 inutilia
603 2561 744 2624 attulisse.
784 2564 993 2623 Verumtamen
1015 2581 1105 2641 quum
1131 2561 1181 2622 ille
1201 2561 1317 2621 Puram·

176 2659 208 2719 ni
234 2658 375 2740 quosdam
396 2678 509 2720 errores
529 2659 696 2731 notavisset,
718 2661 901 2722 contumeliis
921 2661 957 2721 ab
978 2661 1063 2740 hujus
1082 2669 1164 2720 secta
1183 2669 1215 2719 et
1234 2677 1307 2719 con·

178 2758 271 2833 viciis,
300 2768 433 2819 extremo
447 2757 601 2818 inermium
614 2759 759 2838 perfugio,
778 2770 922 2839 exceptus
935 2769 992 2820 est:
1008 2757 1104 2838 qualia
1117 2756 1181 2836 quis
1193 2776 1255 2816 non
1267 2768 1324 2816 asa-0

177 2880 238 2941 quo
250 2859 347 2921 animo
361 2859 446 2934 ferat,
464 2864 583 2940 quando
605 2879 702 2940 neque
724 2881 742 2923 a
766 2862 876 2941 quovis,
898 2880 994 2940 neque
1017 2860 1115 2940 quavis
1138 2859 1308 2920 conditione

178 2958 290 3019 laudari
310 2956 474 3039 jucundum
498 2967 551 3018 est.
592 2956 664 3019 Post
680 2959 842 3020 Seidlerum
855 2959 905 3019 alii
919 2958 1035 3039 quidam
1049 2976 1087 3017 ex
1101 2957 1230 3030 musicae,
1254 2958 1309 3018 ho·

179 3057 288 3117 diernae
301 3055 492 3136 potissimum,
507 3055 667 3117 rationibus
691 3072 795 3117 novam
819 3057 916 3118 lucem
936 3056 979 3116 rei
999 3055 1128 3117 metricae
1147 3067 1309 3134 sperantes,

176 3156 254 3217 hanc
267 3153 429 3215 doctrinam
442 3155 639 3234 pervestigare
653 3157 750 3216 conati
763 3167 841 3218 sunt.
882 3156 930 3215 Ex
952 3155 997 3215 his
1020 3154 1100 3215 solus
1122 3153 1193 3213 mihi
1214 3155 1309 3214 nomi·

177 3253 291 3313 naudus
314 3262 359 3312 est
382 3254 463 3332 Aug.
490 3252 664 3324 Boeckhius,
690 3253 735 3312 uir
757 3263 787 3314 et
809 3253 1004 3324 doctissimus,
1030 3262 1060 3312 et
1082 3250 1310 3311 studiosissimus

178 3348 344 3410 inveniendi
358 3349 429 3422 veri,
443 3349 496 3409 sed
509 3360 621 3409 natura
634 3350 761 3430 quodam
780 3350 896 3412 fervore
915 3350 1108 3411 festinantior.
1151 3352 1180 3410 ls
1193 3348 1310 3429 rejectis

179 3447 288 3532 potius,
303 3466 369 3527 quoe
382 3466 438 3526 ego
452 3466 616 3527 posueram,
629 3448 716 3529 hujus
729 3448 871 3509 doctrinae
891 3448 1098 3518 fundamentis,
1121 3467 1208 3526 quam
1233 3447 1313 3506 refu·

179 3548 260 3615 tatis:
281 3564 349 3606 nam
364 3564 429 3625 quae
442 3546 471 3603 in
485 3545 570 3626 primi
583 3545 650 3605 libri
664 3546 760 3625 capite
774 3547 904 3607 secundo
925 3557 1071 3626 tamquam
1092 3566 1110 3604 a
1129 3566 1177 3606 me
1198 3545 1313 3624 prolata

179 3657 398 3719 commemorat,
413 3644 555 3724 ejusmodi
575 3656 654 3714 sunt,
676 3655 710 3704 ut
730 3644 869 3705 refutanti
892 3664 927 3705 ea
949 3646 1011 3725 ipse
1032 3645 1182 3717 assentiar,
1203 3644 1312 3724 quippe

178 3747 230 3826 qui
243 3765 300 3806 nec
313 3745 438 3805 dixerim
452 3765 587 3825 umquam
599 3745 677 3821 talia,
691 3764 788 3825 neque
802 3743 916 3824 integra
929 3756 1028 3807 mente
1041 3746 1140 3805 dicere
1153 3744 1312 3823 potuerim:

181 3843 233 3905 sed
247 3845 295 3904 ille
310 3843 388 3903 visus
401 3842 456 3900 sibi
469 3843 533 3903 hoec
547 3845 699 3917 refutasse,
724 3844 794 3917 sive,
809 3855 843 3904 ut
857 3864 913 3924 ego
927 3843 1074 3915 existimo,
1088 3843 1126 3902 ad
1139 3841 1313 3901 sententiam

180 3959 275 4000 meam
289 3938 453 4001 accuratius
478 3942 712 4019 cognoscendam
737 3961 797 4002 non
820 3942 890 4004 satis
915 3942 965 4002 otii
988 3942 1043 4002 sibi
1064 3939 1240 4010 concedens,
1261 3957 1313 3997 no·

180 4026 247 4098 sam
260 4036 387 4096 condere
402 4037 739 4110 metrorumdoctrinam
751 4053 976 4118 aggressusest,
997 4039 1044 4098 oui
1064 4037 1214 4097 materiam
1235 4035 1314 4095 solus

179 4135 305 4217 praebuit
320 4132 472 4205 Pindarus,
486 4134 643 4214 praeclarus
656 4135 705 4195 ille
719 4137 836 4216 quidem
856 4151 960 4200 auctor
980 4138 1065 4218 hujus
1080 4135 1133 4209 rei,
1154 4134 1205 4195 sed
1219 4134 1314 4194 multo

183 4233 281 4306 tamen
295 4231 462 4310 angustiore
482 4232 512 4291 in
532 4233 637 4314 spatio,
661 4253 748 4314 quam
768 4236 877 4296 scenici
897 4241 1000 4315 poitae,
1020 4244 1161 4294 versatus.
1202 4235 1313 4298 Quam·

184 4350 271 4412 quam
285 4329 408 4391 nihilad
422 4348 494 4407 rem,
509 4331 588 4395 unde
601 4333 694 4413 petita
708 4333 746 4396 sit
760 4334 902 4409 doctrina,
918 4335 1006 4395 modo
1021 4352 1090 4395 vera
1103 4333 1149 4394 sit.
1191 4331 1241 4391 De
1255 4348 1315 4409 quo
