2694 4866
432 200 448 231 C

109 335 172 397 266
447 324 529 387 Llli.
547 321 591 386 11.
609 321 704 388 cal’.
727 319 870 384 xxxvl.

111 506 181 566 ³15.
201 516 284 594 seqq.
305 494 356 576 qui
378 514 437 591 noa
458 495 585 556 debebat
607 512 705 589 neque
725 491 785 589 hoo
799 507 909 588 βψ,
988 506 1028 552 uo
1039 487 1100 551 alis
1112 510 1177 578 que

112 603 168 665 pro
181 582 289 644 looicu
303 599 321 640 a
334 583 437 660 majora
449 578 578 640 haberes
600 576 692 639 veluti
706 574 854 658 Euripidis
864 591 897 636 ur
914 570 951 635 M
1022 577 1093 639 152·

194 702 224 762 cl
233 704 273 761 σοι’
284 722 349 760 m
361 701 409 764 τὶς
422 694 565 757 &cadmo

193 785 280 848 seiros
293 778 353 863 ἰ’ςος,
368 777 391 838 ai
402 780 516 856 pasis,

195 863 293 926 mbo
306 859 422 922 hadasa
435 856 565 920 aratoriis·

273 942 348 1024 podis
359 939 415 1004 siis
428 943 526 1002 λίπον.

117 1088 149 1151 et
162 1074 317 1158 Sophoclis
332 1072 404 1135 OEd.
418 1071 484 1134 cot.
497 1074 569 1133 669.

197 1194 252 1256 iios
263 1196 298 1253 rel
311 1189 441 1274 sgae‘rrmae
453 1197 504 1265 γές
514 1187 627 1252 'tham

110 1337 171 1389 ,aut
184 1323 332 1403 Euripidis
345 1323 375 1380 in
391 1323 467 1382 lieo.
481 1327 552 1385 450.

156 1434 161 1441 “
200 1443 262 1508 θοὸς
276 1437 391 1506 sissimus
405 1438 444 1498 ἔπ’
458 1437 537 1517 sidaec
551 1435 654 1515 adorsa.

122 1572 268 1652 Exempla
280 1573 384 1639 horum
395 1570 578 1630 Gaisiordius
591 1569 683 1629 multa
697 1567 846 1630 indicarit.
877 1569 962 1641 ‚Sunt
976 1580 1076 1630 autem
1098 1581 1128 1630 et
1140 1568 1167 1628 hi

122 1675 180 1724 sus,
205 1666 235 1714 et
249 1673 314 1734 quae
332 1651 396 1711 aliae
409 1651 516 1712 similes
529 1652 630 1712 formae
644 1661 722 1724 sunt,
737 1669 837 1713 omnes
857 1650 903 1711 vel
916 1652 1099 1731 anapaesticae
1112 1651 1177 1732 loga<

123 1756 181 1832 ca,
197 1736 242 1831 yel
258 1735 418 1830 Glyconeis
432 1746 577 1814 cognatas,
593 1753 690 1814 neque
704 1733 795 1793 ullum
809 1733 839 1792 ia
853 1732 887 1792 iis
907 1733 1063 1813 vestigium
1076 1732 1177 1794 numeri

123 1837 184 1880 mci
196 1829 352 1879 mvemtur.

522 2097 637 2175 CAP.
664 2086 847 2173 XXXVI.

399 2311 451 2360 DE
476 2309 656 2361 VERSIBUS
682 2308 968 2360 cHoalamBlcts.

172 2479 199 2533 1.
220 2472 377 2532 Tartarum
401 2490 493 2551 genus
514 2491 701 2532 numerorum
726 2471 940 2552 dactylicorum
962 2466 1177 2533 choriambicis

129 2574 253 2635 quorum
276 2553 433 2613 admodum
455 2554 549 2632 gravis
571 2567 601 2613 et
624 2555 796 2632 magnificus
819 2555 949 2614 incessus
969 2565 1025 2616 est.
1064 2555 1177 2615 Gramm

42 2658 45 2667 ‘
129 2656 196 2717 quae
210 2636 247 2694 de
268 2635 326 2696 hoc
340 2635 453 2694 numeri
473 2655 582 2715 genere
603 2636 733 2708 tradunt,
759 2655 862 2696 vereor
875 2655 913 2695 ne
933 2656 993 2694 non
1015 2635 1145 2695 omnies
1164 2652 1177 2711 p

128 2736 200 2778 vera
214 2716 280 2777 sint.
322 2717 399 2777 Nam
423 2715 464 2776 iili
479 2737 568 2797 quum
582 2715 863 2790 animadvertissent,
888 2717 1089 2778 choriambum
1112 2732 1177 2775 nom

130 2816 217 2881 quam
233 2817 300 2859 cum
315 2799 432 2880 dipodia
446 2799 570 2859 iambica
583 2799 766 2871 commutari,
780 2815 880 2859 versus
894 2796 1036 2879 quosdam
1049 2795 1177 2879 prochori

128 2880 203 2941 hicis
216 2881 353 2940 uidentur
367 2882 512 2952 habuisse,
526 2897 599 2960 quos
613 2879 752 2941 credibile
767 2891 812 2941 est
825 2880 888 2941 aliis
901 2900 940 2940 ex
954 2881 1084 2942 numeris
1097 2895 1177 2942 esset

131 2963 250 3042 positos.
293 2960 353 3020 Sed
367 2961 514 3022 videamus
528 2962 651 3040 singula.

172 3045 202 3101 ἓ.
223 3042 420 3102 choriambici
433 3043 546 3103 numeri
560 3043 624 3103 hoec
638 3055 742 3104 natura
756 3055 810 3118 est,
825 3055 868 3117 ut,
890 3042 1029 3124 quoniam
1042 3042 1177 3124 pluribus*

24 3172 32 3183 ,
132 3117 249 3185 riamhis
275 3125 439 3208 conjunctis
463 3124 543 3184 nulla
565 3125 642 3185 inter
665 3145 716 3187 eos
740 3126 830 3186 thesis
849 3126 946 3186 media
966 3137 1021 3198 est,
1042 3124 1177 3206 singrdip

133 3207 292 3266 choriambi
308 3206 428 3287 singulis
442 3205 591 3267 ordinibus
609 3219 754 3280 constent,
769 3208 824 3266 nisi
837 3207 867 3266 in
881 3206 939 3266 dne
952 3225 1101 3282 versuum,
1114 3204 1177 3266 ubit

133 3289 204 3350 sulae
227 3288 369 3349 faciendae
384 3309 494 3360 caussa,
511 3308 570 3348 non
593 3300 735 3369 sequente
749 3288 823 3349 alius
847 3284 956 3349 ordinis
978 3289 1046 3364 arsi,
1069 3284 1174 3369 toagtm

134 3391 257 3450 rumque
281 3372 467 3451 progreditur
493 3371 610 3431 ultimus
641 3371 723 3432 ordo.
773 3371 908 3430 Gravitas
930 3370 1019 3450 hujus
1042 3368 1177 3430 numeria

133 3454 299 3514 libertatem
313 3454 343 3512 in
358 3453 562 3513 constituenda
575 3471 719 3512 mensura.
760 3455 859 3519 Quare
869 3446 976 3512 solutio
989 3452 1014 3512 si
1024 3469 1083 3534 qua
1095 3460 1177 3528 usu'tpt

134 3534 215 3615 quod
230 3553 327 3594 rarum
339 3547 393 3608 est,
408 3536 438 3593 in
453 3535 545 3613 prima
558 3544 672 3595 tantum
680 3532 736 3595 arsi
746 3533 789 3596 ht.
814 3534 972 3601 masma
984 3545 1084 3597 umam
1098 3542 1177 3594 contr

134 3627 181 3678 est
204 3616 366 3676 mediarum
389 3616 574 3696 syllabarum,
600 3615 764 3681 Molossum
787 3635 841 3696 pro
870 3614 1041 3677 choriambo
1064 3613 1177 3677 lotrodu

136 3697 253 3759 Scenici
267 3702 363 3777 po'e‘tae
376 3699 588 3759 vehementiam
608 3698 722 3757 numeri
742 3697 930 3759 choriambici
950 3698 993 3758 ita
1004 3709 1177 3780 temperarat

136 3780 224 3840 alium
240 3799 306 3838 cum
321 3799 357 3838 eo
371 3779 492 3840 similem
507 3799 660 3841 numerum
678 3791 902 3843 commutarent.
943 3782 973 3842 ls
987 3790 1032 3840 est
1043 3778 1177 3847 creticus,

136 3861 274 3939 quonism
288 3860 403 3919 brevior
417 3881 475 3922 uno
497 3875 628 3944 tempore
642 3873 697 3935 est,
707 3861 860 3925 caecrucis
872 3866 900 3923 ei
920 3861 1048 3939 iambica
1060 3859 1177 3941 pramitt

138 3953 196 4019 quo
217 3942 262 4013 fit,
287 3955 320 4000 ut
344 3936 462 4020 dipodia
485 3943 608 4003 iambica
629 3964 683 4023 pro
708 3943 876 4004 choriambo
897 3943 1100 4016 substituebat.
1121 3938 1177 4000 ‘Pl

137 4040 218 4091 vero,
239 4042 276 4082 ne
302 4023 518 4083 oblitteraretur
531 4044 567 4085 ea
586 4043 618 4084 re
638 4038 743 4086 natura
762 4025 876 4085 numeri
898 4025 1099 4099 choriambici,
1121 4023 1177 4084 altu

139 4101 270 4180 dipodius
283 4104 421 4166 iambicus
435 4115 465 4164 et
478 4105 670 4166 choriamhos:
694 4107 772 4166 unde
786 4126 904 4187 perraro
918 4102 1177 4181 duae'cbhtinutciu

139 4193 228 4242 untur
242 4184 368 4265 dipodiae
381 4185 520 4251 iambicae.
562 4187 679 4265 Tragici
693 4190 749 4249 hac
769 4189 895 4250 iambica
907 4186 1027 4271 dipodia
1044 4200 1120 4271 pura
1131 4194 1177 4246 atr

140 4266 293 4326 anacrusia
308 4281 455 4329 servantes
470 4287 508 4328 ex
523 4284 581 4326 una
594 4269 714 4348 syllaba,
729 4272 795 4351 quae'
814 4270 910 4332 brevis
924 4271 1162 4352 plerumqueest.

144 4345 216 4408 mici
242 4356 384 4412 oero‘n‘h
397 4351 487 4413 mrid'o
501 4349 618 4429 lorrgam
632 4362 663 4412 et
680 4353 802 4415 brevem
815 4352 954 4434 syllthtrh
975 4350 1177 4434 amassetis

684 4456 699 4499 9
926 4478 927 4486 r
