2694 4866
166 300 225 357 tas
552 278 632 360 tro.
653 292 712 355 111.
734 296 828 357 cnr.
849 294 920 359 xrr.

208 471 239 525 5.
259 464 469 538 Tastrsrro,
492 484 557 544 quoe
571 465 675 545 partlm
690 466 719 523 in
733 465 914 547 singulorum
935 480 1126 527 numerorum
1139 466 1294 529 couforda·

93 605 97 611 ,
168 546 248 605 tione
262 547 366 624 partim
383 546 411 604 in
423 547 549 626 plurium
565 548 772 628 conjunctione
786 549 926 619 cernitur,
941 548 971 607 in
986 566 1144 609 sruouars
1154 568 1294 613 suasura

167 629 220 687 has
245 640 342 707 partes
367 629 466 701 babet,
496 646 793 700 terminationem
817 648 941 708 eamque
968 641 999 690 et
1020 648 1139 694 rursus
1162 650 1293 704 nouam,

168 720 199 768 et
211 727 425 771 aomanorum
438 715 517 789 ejus3
531 728 765 771 mensunusum
779 730 871 771 v1css
882 736 890 779 3
901 711 1027 791 denique
1038 730 1231 785 usurarias,
1241 730 1297 793 qua

168 791 213 850 vel
242 793 270 848 in
299 809 440 853 cresonia
469 810 731 865 aasenvarroua,
759 793 806 853 vel
833 793 862 850 ia
892 811 1093 856 murarrous
1128 812 1297 867 mansura,

124 899 128 906 ⁴
168 873 214 932 vel
243 878 271 933 in
293 891 568 935 aanrsaauauro
592 892 756 935 nassonia
784 874 886 953 positae
909 887 993 942 sunt;
1022 877 1051 934 in
1077 895 1233 937 ranarum
1253 894 1297 935 aa·

168 967 229 1016 tem
253 974 463 1017 uunsaaoaunr
486 974 735 1018 couroncrrons
756 957 894 1016 tractatio
914 957 951 1015 ad
965 975 1235 1019 couoaosurrasr
1249 968 1293 1017 nu·

168 1057 325 1108 merorum,
340 1038 378 1097 ad
393 1059 516 1110 nauum,
530 1039 568 1097 ad
583 1057 834 1099 saoconrrouasr
847 1049 971 1116 spectat,
982 1058 1078 1118 eaque
1090 1041 1244 1119 proportio
1254 1050 1296 1100 aut

169 1139 406 1181 aoaorruornss
427 1135 481 1191 ast,
503 1132 553 1181 aut
574 1138 747 1181 rouaaars.
790 1119 896 1178 Dicam
909 1118 1048 1200 deinceps
1061 1121 1101 1180 de
1115 1121 1163 1180 his
1177 1122 1295 1202 partibus

168 1200 298 1281 singulis.

209 1290 240 1345 6.
262 1282 363 1343 finem
387 1283 416 1341 in
440 1280 518 1342 omni
543 1302 665 1342 numero
683 1281 830 1362 precipue
844 1282 939 1342 notari
954 1293 1083 1344 constat.
1126 1284 1201 1343 Non
1214 1284 1295 1345 solum

169 1365 257 1437 enim,
272 1365 409 1444 quoniam
423 1363 506 1423 linito
521 1384 642 1424 numero
658 1382 746 1442 pausa
760 1364 904 1435 succedit,
930 1363 1111 1442 aliquamdiu
1125 1369 1211 1444 quasi
1230 1384 1295 1425 reso·

170 1447 285 1506 mantin
299 1465 370 1506 aure
384 1446 530 1505 novissimi
543 1448 617 1518 soni,
631 1447 683 1505 sed
698 1447 785 1504 etiam
808 1464 847 1504 ex
868 1447 927 1505 fine
951 1445 1098 1525 integrum
1114 1466 1181 1507 esse
1195 1446 1296 1507 amolu-

170 1540 292 1608 tumque
306 1547 457 1586 numerum
472 1529 668 1606 cognoscitur.
710 1530 814 1607 ltaque
827 1528 920 1606 prima
941 1527 970 1586 in
992 1529 1156 1588 tractandis
1179 1528 1294 1589 numeris

171 1630 243 1670 cura
256 1609 335 1669 circa
349 1626 633 1670 raamsnsrrousnr
646 1620 786 1680 versatur,
801 1627 887 1688 quam
897 1609 984 1668 decet
997 1609 1087 1668 talem
1103 1630 1179 1681 esse,
1195 1622 1294 1691 utapro

171 1692 361 1771 conquiescat
375 1711 524 1762 numerus,
538 1691 682 1769 finirique,
697 1709 756 1750 non
771 1691 903 1769 abrumpi
918 1689 1060 1750 videatur.
1104 1694 1297 1770 Apertumaat

121 1842 124 1852 y
170 1783 280 1845 autem,
294 1773 428 1833 finiendis
442 1775 570 1832 numeris
584 1773 612 1830 in
629 1773 793 1831 universum
814 1772 957 1850 aptiorem
977 1791 1040 1833 csse
1054 1772 1218 1834 clausulam
1232 1792 1296 1843 eam,

171 1875 238 1935 quae
258 1855 396 1934 legitimis
420 1855 571 1915 ordinibus
592 1854 708 1913 brevior
720 1854 768 1913 sit.
809 1854 898 1914 Unde
911 1853 1130 1930 elegantissima
1141 1855 1297 1916 terminatio

170 1937 306 2008 habetur,
321 1957 385 2016 quae
409 1937 442 1996 fit
467 1937 568 1996 ordine
592 1935 775 2004 catalectico,
799 1935 820 1992 i.
846 1955 872 1994 e.
897 1935 1040 1996 breviore.
1084 1936 1144 1997 Sed
1167 1934 1295 1998 trochdd

172 2019 296 2090 numeri,
319 2019 367 2098 qui
388 2030 492 2078 natura
505 2037 558 2077 sua
571 2037 630 2076 non
643 2017 832 2076 vehementes
844 2029 921 2085 sunt,
944 2016 1031 2076 etiam
1047 2036 1139 2097 quum
1154 2014 1297 2078 acatalacll

171 2113 251 2172 sunt,
264 2100 373 2159 bonum
388 2100 500 2161 exitum
515 2101 654 2180 prebent.
698 2099 765 2159 Sive
779 2099 859 2159 euim
871 2099 988 2158 iambici
1008 2117 1109 2160 versus
1122 2101 1212 2181 plena
1225 2099 1298 2180 ἄρ’

73 2214 76 2219 -
172 2182 221 2242 dia
234 2182 381 2256 liniantur,

254 2312 610 2379 Ussv—nvssv-

170 2430 260 2509 longa
273 2427 365 2490 finalis
378 2440 446 2508 apte
460 2428 528 2489 sinit
540 2449 643 2490 vocem
657 2428 858 2510 requiescam
879 2428 943 2490 sire
953 2427 1112 2503 trochaici,

255 2558 411 2625 ssv-M
450 2561 600 2626 ssv-M

173 2675 221 2737 vel
240 2675 269 2734 in
284 2676 392 2758 triplici
406 2677 518 2752 urdine,

255 2809 532 2893 LU—V—U‘

148 2916 150 2925 ’
175 2925 320 2984 trocheus
343 2927 438 2985 thesin
462 2938 492 2985 et
515 2946 568 3004 per
589 2946 620 2984 se
642 2927 745 2999 levem,
771 2939 802 2987 et
824 2927 965 2986 minorem
979 2926 1034 2985 arsi
1049 2927 1173 3001 babens,
1194 2926 1297 2987 molter

175 3024 352 3084 suavemque
370 3007 481 3065 exitum
502 3008 583 3066 facit.
627 3008 767 3087 Asperior
787 3009 931 3088 dactylus,
953 3009 1104 3088 magisque
1125 3010 1214 3070 etiam
1227 3023 1295 3090 paon

176 3097 240 3169 cst:
262 3092 340 3146 unde
362 3089 508 3177 paeom‘cos
532 3106 669 3147 numeros
694 3089 723 3147 in
750 3089 898 3171 dactylum
915 3089 960 3149 vel
975 3092 1148 3162 trochaeum,
1163 3091 1299 3173 velipsan

175 3169 263 3243 arsin,
284 3167 445 3250 dactylicos
473 3171 502 3228 iu
523 3171 682 3229 trochaeum
704 3172 750 3230 vel
771 3173 846 3232 arsin
867 3172 956 3231 solam
978 3173 1061 3232 exire
1080 3186 1295 3234 consentaneum

175 3251 268 3311 visum
283 3262 337 3311 est.
381 3257 553 3332 Anapaestos
567 3262 676 3324 autem,
696 3253 792 3331 quisi,
815 3264 848 3312 ut
869 3253 898 3311 in
913 3252 1064 3329 tragaediis
1078 3254 1212 3327 Senecae,
1226 3252 1296 3333 plana

176 3333 295 3413 dipodia
321 3333 483 3406 finirentur,
504 3345 625 3414 propter
648 3334 789 3413 aequalern
818 3334 1000 3414 dipodiarum
1023 3335 1170 3395 incessum
1198 3330 1296 3411 abrupti

175 3417 283 3494 potius,
305 3436 391 3494 quam
407 3416 537 3476 conclusi
560 3417 737 3488 viderentur,
762 3417 890 3476 abscissa
910 3427 993 3496 parte
1013 3414 1043 3474 in
1066 3417 1229 3477 trocheum
1250 3426 1294 3473 ter·

176 3497 280 3556 minari
305 3498 427 3578 placuit.
469 3497 689 3558 Choriambicos
713 3518 861 3569 numeros,
885 3499 935 3578 qui
962 3498 1209 3559 vehementissimi
1232 3504 1294 3563 sunt,

175 3577 348 3657 plerumque
375 3580 511 3658 augendo
535 3580 652 3659 quidem
679 3579 782 3639 ultimo
804 3580 915 3652 ordine,
936 3579 988 3638 sed
1009 3579 1050 3639 ita
1073 3581 1211 3659 augendo
1236 3574 1295 3636 finiri

176 3658 341 3731 voluerunt,
357 3671 400 3731 ut,
417 3663 495 3740 quod
513 3661 676 3721 abundaret
688 3662 803 3734 virium,
823 3661 853 3720 in
867 3662 941 3721 duos
955 3661 1098 3741 dactylos,
1120 3662 1167 3723 vel
1183 3660 1294 3722 ordinem

175 3738 372 3817 logaoedicum
386 3742 604 3805 effunderetur:

223 3892 226 3899 ·
256 3858 329 3934 pondis
349 3859 419 3919 iiam
434 3861 555 3939 φυτεύσῃς
568 3861 682 3942 πςᾶτιςον
695 3858 795 3942 lisdem
808 3859 929 3935 ἄμπίλα.

254 3937 324 4015 Μ
338 3968 387 4012 Wb
402 3945 485 4023 flssefll
504 3945 619 4024 Χᾶςίτκ,
633 3952 788 4032 amantisque
801 3967 829 4003 τι
842 3947 947 4003 Molem.

177 4050 203 4110 F
240 4050 277 4110 ile
291 4065 389 4112 autem
404 4054 587 4133 intelligitur,
601 4074 659 4133 quo
673 4056 814 4135 insignior
828 4067 872 4115 est
886 4055 960 4127 finis,
982 4074 1100 4135 quoque
1115 4057 1208 4134 major
1220 4066 1294 4136 prust

177 4151 215 4191 co
236 4135 376 4212 sequitur,
405 4157 441 4195 eo
469 4137 632 4215 graviorem
660 4147 690 4196 et
718 4138 892 4198 sedatiorem
922 4137 1028 4196 debere
1057 4136 1205 4196 catalexiu
1235 4149 1295 4194 este·

177 4060 278 4356 δάε,
293 4215 317 4272 si
332 4217 360 4273 iu
376 4218 477 4278 mediis
491 4217 616 4297 strophis
630 4217 743 4278 facilius
756 4219 875 4300 dactylo
889 4219 919 4277 in
933 4218 991 4277 flue
1011 4237 1112 4277 versus
1135 4218 1220 4279 venia
1238 4231 1294 4274 con·

213 4377 223 4436 l
235 4295 303 4367 itur,
319 4297 350 4439 qn
370 4300 498 4381 stropha
518 4299 576 4361 fine
591 4299 685 4361 multo
699 4301 794 4381 aptior
808 4313 853 4362 est
867 4300 938 4363 arsis
951 4301 983 4361 in
995 4298 1064 4373 fine,
1085 4299 1133 4361 vel
1155 4297 1297 4365 aaran

176 4395 213 4438 ve
244 4396 316 4458 spon
339 4398 399 4441 eus.
