2694 4866
497 328 747 393 DEDIGATIO.
1128 337 1189 396 xvii

54 501 197 585 quoniam
208 515 246 561 ee
256 499 288 559 in
300 496 375 562 urbe
387 509 450 558 tum
462 498 589 578 degebat
602 500 753 559 Werferue
764 522 772 558 r
785 500 836 560 ted
851 518 943 580 nuper
954 501 1128 576 Creuzerus,
1139 505 1183 564 vir

27 674 30 679 ἢ
57 599 278 672 celeberrimus,
291 616 339 657 me
354 596 508 657 certiorem
521 596 601 670 fecit,
616 598 725 657 exalia
738 599 810 658 urbe
824 609 977 677 acceptum
997 599 1087 661 videri
1102 601 1182 660 codi-

61 718 128 765 oem
141 697 245 767 illum
264 695 472 775 Heidelbergoe
490 706 590 757 eutem
608 695 697 756 olium
717 686 1012 776 moewarir'ejueque
1037 698 1107 757 mihi
1123 700 1183 761 lec-

58 800 154 861 tiones
165 796 285 858 mireum
298 795 335 854 iri
353 793 499 874 pollicitus
518 806 573 856 eet.
614 794 669 855 Ille
689 794 816 873 quidem,
836 814 923 876 qoem
944 795 1094 856 Werferue
1115 778 1185 858 con·

59 896 178 969 tulerat,
191 894 292 956 finitur
305 894 336 952 in
349 904 480 953 extremo
493 914 523 973 p.
538 897 587 956 99.
600 892 648 954 ed
670 893 800 954 Tumebi
813 904 844 953 et
859 893 976 955 Pouwii.
1068 889 1074 903 ’
1183 872 1188 882 ’

98 995 214 1069 nuto,
228 992 273 1053 vir
285 991 528 1072 praecmtiosime,
548 1010 613 1071 qoae
636 990 707 1050 mihi
727 991 851 1053 dicende
872 990 1054 1064 videbantur,
1076 1012 1134 1073 quo
1155 1001 1187 1054 et

34 1104 39 1109 '
63 1093 132 1175 quid
155 1091 269 1155 consilii
297 1101 438 1171 sequutus
464 1108 566 1165 oseem,
595 1088 782 1169 intelligeret,
810 1109 908 1170 neque
936 1092 1186 1172 exspectationem

64 1191 245 1277 conciperes,
265 1209 353 1270 quom
366 1191 485 1270 explere
498 1189 547 1250 hic
559 1189 633 1250 liber
646 1209 705 1250 non
718 1201 825 1271 poeoet,
839 1191 998 1271 presertim
1022 1211 1112 1272 quum
1136 1208 1187 1251 ve-

64 1310 135 1365 reor,
157 1310 208 1365 ne,
221 1289 273 1371 qui
293 1289 364 1348 mihi
378 1290 440 1370 ipee
461 1289 629 1351 satisfacere
651 1309 710 1351 non
733 1291 888 1371 potuerim,
910 1288 1113 1350 multominus
1133 1291 1191 1350 eim

62 1389 124 1451 aliie
136 1389 346 1451 eetioimtume.
387 1389 448 1449 Sed
461 1407 550 1469 quum
564 1388 633 1448 nihil
648 1388 718 1448 mihi
742 1389 772 1449 in
792 1388 945 1450 scribendo
958 1389 1019 1450 hoc
1031 1389 1106 1450 libro
1125 1400 1189 1449 tom
1281 1438 1293 1451 ,.

63 1498 236 1571 exoptatum
248 1487 415 1568 contigerit,
430 1507 516 1568 quem
530 1487 647 1549 codices
660 1487 712 1562 illi,
737 1506 861 1568 quorum
885 1507 969 1548 mum
982 1499 1041 1547 tuae
1053 1486 1189 1547 humani·

63 1588 116 1649 toti
129 1588 237 1664 debeo,
250 1585 391 1668 quidquid
403 1585 442 1648 de
454 1587 517 1667 ipso
530 1585 604 1647 libro
614 1587 799 1666 judicaveris,
812 1588 871 1648 hoc
892 1598 972 1647 certe
992 1586 1137 1666 gaudebo,
1161 1583 1188 1645 ei

65 1687 107 1753 mi
116 1706 168 1751 me
177 1686 490 1779 etudiooieoimumeeoc
502 1685 626 1774 putabis.
668 1686 708 1749 D.
722 1685 797 1769 prid.
811 1686 875 1750 eat.
888 1686 960 1755 Jun.
973 1699 1187 1753 cromoccxm.
