<?xml version="1.0" encoding="UTF-8"?>
<!DOCTYPE html PUBLIC "-//W3C//DTD XHTML 1.0 Transitional//EN"
    "http://www.w3.org/TR/xhtml1/DTD/xhtml1-transitional.dtd">
<html xmlns="http://www.w3.org/1999/xhtml" xml:lang="en" lang="en">
 <head>
  <title>
</title>
<meta http-equiv="Content-Type" content="text/html;charset=utf-8" />
  <meta name='ocr-system' content='tesseract 3.04.00' />
  <meta name='ocr-capabilities' content='ocr_page ocr_carea ocr_par ocr_line ocrx_word'/>
</head>
<body>
  <div class='ocr_page' id='page_1' title='image "./elementadoctrin00hermgoog_0041.png"; bbox 0 0 2694 4866; ppageno 0'>
   <div class='ocr_carea' id='block_1_1' title="bbox 161 276 872 347">
    <p class='ocr_par' dir='ltr' id='par_1_1' title="bbox 161 276 872 347">
     <span class='ocr_line' id='line_1_1' title="bbox 161 276 872 347; baseline -0.004 -6"><span class='ocrx_word' id='word_1_1' title='bbox 161 283 181 341; x_wconf 73' lang='lat'><em>2</em></span> <span class='ocrx_word' id='word_1_2' title='bbox 584 276 667 342; x_wconf 86' lang='lat' dir='ltr'><strong>LIB.</strong></span> <span class='ocrx_word' id='word_1_3' title='bbox 686 277 713 347; x_wconf 77' lang='lat' dir='ltr'>I,-</span> <span class='ocrx_word' id='word_1_4' title='bbox 733 277 827 340; x_wconf 87' lang='lat' dir='ltr'><strong>CAP.</strong></span> <span class='ocrx_word' id='word_1_5' title='bbox 847 277 872 339; x_wconf 88' lang='lat'>1.</span> 
     </span>
    </p>
   </div>
   <div class='ocr_carea' id='block_1_2' title="bbox 164 439 1296 524">
    <p class='ocr_par' dir='ltr' id='par_1_2' title="bbox 164 439 1296 524">
     <span class='ocr_line' id='line_1_2' title="bbox 164 439 1296 524; baseline -0.005 -18"><span class='ocrx_word' id='word_1_6' title='bbox 164 457 308 524; x_wconf 83' lang='lat' dir='ltr'>tempora,</span> <span class='ocrx_word' id='word_1_7' title='bbox 323 443 427 523; x_wconf 90' lang='lat' dir='ltr'>qulbus</span> <span class='ocrx_word' id='word_1_8' title='bbox 441 441 608 503; x_wconf 76' lang='lat' dir='ltr'><strong>continetur</strong></span> <span class='ocrx_word' id='word_1_9' title='bbox 620 444 777 517; x_wconf 78' lang='lat' dir='ltr'><strong>successio,</strong></span> <span class='ocrx_word' id='word_1_10' title='bbox 798 453 879 504; x_wconf 91' lang='lat' dir='ltr'>certa</span> <span class='ocrx_word' id='word_1_11' title='bbox 892 440 1017 520; x_wconf 88' lang='lat' dir='ltr'>quadam</span> <span class='ocrx_word' id='word_1_12' title='bbox 1030 440 1144 501; x_wconf 88' lang='lat' dir='ltr'>ratione</span> <span class='ocrx_word' id='word_1_13' title='bbox 1157 439 1296 500; x_wconf 89' lang='lat' dir='ltr'>distincta</span> 
     </span>
    </p>
   </div>
   <div class='ocr_carea' id='block_1_3' title="bbox 65 521 1295 604">
    <p class='ocr_par' dir='ltr' id='par_1_3' title="bbox 65 521 1295 604">
     <span class='ocr_line' id='line_1_3' title="bbox 65 521 1295 604; baseline -0.004 -17"><span class='ocrx_word' id='word_1_14' title='bbox 65 546 68 555; x_wconf 92' lang='lat'><em>·</em></span> <span class='ocrx_word' id='word_1_15' title='bbox 165 527 244 596; x_wconf 81' lang='lat' dir='ltr'>sint;</span> <span class='ocrx_word' id='word_1_16' title='bbox 264 527 293 583; x_wconf 91' lang='lat' dir='ltr'>in</span> <span class='ocrx_word' id='word_1_17' title='bbox 307 525 475 604; x_wconf 78' lang='lat' dir='ltr'><strong>symmetria</strong></span> <span class='ocrx_word' id='word_1_18' title='bbox 487 536 586 585; x_wconf 90' lang='lat' dir='ltr'>autem</span> <span class='ocrx_word' id='word_1_19' title='bbox 607 524 710 585; x_wconf 88' lang='lat' dir='ltr'>eodem</span> <span class='ocrx_word' id='word_1_20' title='bbox 725 525 812 584; x_wconf 91' lang='lat' dir='ltr'>modo</span> <span class='ocrx_word' id='word_1_21' title='bbox 833 524 943 583; x_wconf 90' lang='lat' dir='ltr'>nonde</span> <span class='ocrx_word' id='word_1_22' title='bbox 962 521 1144 603; x_wconf 81' lang='lat' dir='ltr'>corporibus,</span> <span class='ocrx_word' id='word_1_23' title='bbox 1163 522 1218 582; x_wconf 87' lang='lat' dir='ltr'>sed</span> <span class='ocrx_word' id='word_1_24' title='bbox 1231 533 1295 582; x_wconf 88' lang='lat' dir='ltr'>tau·</span> 
     </span>
    </p>
   </div>
   <div class='ocr_carea' id='block_1_4' title="bbox 121 603 1346 3141">
    <p class='ocr_par' dir='ltr' id='par_1_4' title="bbox 160 603 1346 852">
     <span class='ocr_line' id='line_1_4' title="bbox 166 603 1293 687; baseline -0.006 -18"><span class='ocrx_word' id='word_1_25' title='bbox 166 620 230 669; x_wconf 91' lang='lat' dir='ltr'>turn</span> <span class='ocrx_word' id='word_1_26' title='bbox 251 607 288 667; x_wconf 91' lang='lat' dir='ltr'>de</span> <span class='ocrx_word' id='word_1_27' title='bbox 302 607 400 686; x_wconf 89' lang='lat' dir='ltr'>spatiis</span> <span class='ocrx_word' id='word_1_28' title='bbox 414 626 574 687; x_wconf 89' lang='lat' dir='ltr'>eorumque</span> <span class='ocrx_word' id='word_1_29' title='bbox 595 607 829 687; x_wconf 85' lang='lat' dir='ltr'>proportionibus</span> <span class='ocrx_word' id='word_1_30' title='bbox 843 617 1006 685; x_wconf 75' lang='lat' dir='ltr'>quassatur:</span> <span class='ocrx_word' id='word_1_31' title='bbox 1028 618 1160 685; x_wconf 89' lang='lat' dir='ltr'>apertum</span> <span class='ocrx_word' id='word_1_32' title='bbox 1180 615 1236 674; x_wconf 91' lang='lat' dir='ltr'>est,</span> <span class='ocrx_word' id='word_1_33' title='bbox 1257 603 1293 662; x_wconf 88' lang='lat' dir='ltr'>ad</span> 
     </span>
     <span class='ocr_line' id='line_1_5' title="bbox 166 686 1293 771; baseline -0.004 -22"><span class='ocrx_word' id='word_1_34' title='bbox 166 689 385 771; x_wconf 85' lang='lat' dir='ltr'>perceptionem</span> <span class='ocrx_word' id='word_1_35' title='bbox 406 691 518 749; x_wconf 90' lang='lat' dir='ltr'>numeri</span> <span class='ocrx_word' id='word_1_36' title='bbox 539 701 569 748; x_wconf 89' lang='lat' dir='ltr'>et</span> <span class='ocrx_word' id='word_1_37' title='bbox 589 688 765 769; x_wconf 79' lang='lat' dir='ltr'>symmetria</span> <span class='ocrx_word' id='word_1_38' title='bbox 785 707 881 766; x_wconf 88' lang='lat' dir='ltr'>neque</span> <span class='ocrx_word' id='word_1_39' title='bbox 901 687 1039 766; x_wconf 89' lang='lat' dir='ltr'>prodesse</span> <span class='ocrx_word' id='word_1_40' title='bbox 1059 707 1157 747; x_wconf 87' lang='lat' dir='ltr'>rerum</span> <span class='ocrx_word' id='word_1_41' title='bbox 1181 686 1293 746; x_wconf 88' lang='lat' dir='ltr'>illarum</span> 
     </span>
     <span class='ocr_line' id='line_1_6' title="bbox 160 769 1346 852; baseline -0.005 -19"><span class='ocrx_word' id='word_1_42' title='bbox 160 772 375 851; x_wconf 75' lang='lat' dir='ltr'>cognitionem,</span> <span class='ocrx_word' id='word_1_43' title='bbox 396 791 492 852; x_wconf 90' lang='lat' dir='ltr'>neque</span> <span class='ocrx_word' id='word_1_44' title='bbox 506 772 608 830; x_wconf 88' lang='lat' dir='ltr'>obessa</span> <span class='ocrx_word' id='word_1_45' title='bbox 621 788 720 834; x_wconf 79' lang='lat' dir='ltr'>aarum</span> <span class='ocrx_word' id='word_1_46' title='bbox 735 769 960 848; x_wconf 70' lang='lat' dir='ltr'>ignorationem.</span> <span class='ocrx_word' id='word_1_47' title='bbox 1343 840 1346 845; x_wconf 25' lang='grc' dir='ltr'>Ι</span> 
     </span>
    </p>

    <p class='ocr_par' dir='ltr' id='par_1_5' title="bbox 164 849 1293 1261">
     <span class='ocr_line' id='line_1_7' title="bbox 207 849 1293 932; baseline -0.007 -18"><span class='ocrx_word' id='word_1_48' title='bbox 207 861 236 920; x_wconf 82' lang='grc'>7.</span> <span class='ocrx_word' id='word_1_49' title='bbox 259 853 395 932; x_wconf 90' lang='lat' dir='ltr'>Denique</span> <span class='ocrx_word' id='word_1_50' title='bbox 409 853 458 912; x_wconf 84' lang='lat' dir='ltr'>lex</span> <span class='ocrx_word' id='word_1_51' title='bbox 479 852 527 910; x_wconf 89' lang='lat' dir='ltr'>illa</span> <span class='ocrx_word' id='word_1_52' title='bbox 541 873 599 911; x_wconf 91' lang='lat' dir='ltr'>non</span> <span class='ocrx_word' id='word_1_53' title='bbox 618 864 716 932; x_wconf 87' lang='lat' dir='ltr'>potest</span> <span class='ocrx_word' id='word_1_54' title='bbox 731 868 892 915; x_wconf 78' lang='lat' dir='ltr'>suasuros</span> <span class='ocrx_word' id='word_1_55' title='bbox 909 869 990 911; x_wconf 87' lang='lat' dir='ltr'>esse:</span> <span class='ocrx_word' id='word_1_56' title='bbox 1012 849 1104 929; x_wconf 89' lang='lat' dir='ltr'>qualis</span> <span class='ocrx_word' id='word_1_57' title='bbox 1117 862 1208 921; x_wconf 88' lang='lat' dir='ltr'>esset,</span> <span class='ocrx_word' id='word_1_58' title='bbox 1230 866 1293 930; x_wconf 82' lang='lat' dir='ltr'>qua</span> 
     </span>
     <span class='ocr_line' id='line_1_8' title="bbox 164 932 1293 1017; baseline -0.005 -21"><span class='ocrx_word' id='word_1_59' title='bbox 164 937 327 1016; x_wconf 85' lang='lat' dir='ltr'>cujuspiam</span> <span class='ocrx_word' id='word_1_60' title='bbox 349 935 395 994; x_wconf 90' lang='lat' dir='ltr'>vel</span> <span class='ocrx_word' id='word_1_61' title='bbox 408 934 544 1017; x_wconf 83' lang='lat' dir='ltr'>hominis,</span> <span class='ocrx_word' id='word_1_62' title='bbox 564 934 610 993; x_wconf 89' lang='lat' dir='ltr'>vel</span> <span class='ocrx_word' id='word_1_63' title='bbox 631 935 737 1015; x_wconf 87' lang='lat' dir='ltr'>gentis,</span> <span class='ocrx_word' id='word_1_64' title='bbox 758 934 804 993; x_wconf 86' lang='lat' dir='ltr'>vel</span> <span class='ocrx_word' id='word_1_65' title='bbox 816 933 871 992; x_wconf 85' lang='lat' dir='ltr'>aevi</span> <span class='ocrx_word' id='word_1_66' title='bbox 892 933 1011 992; x_wconf 89' lang='lat' dir='ltr'>arbitrio</span> <span class='ocrx_word' id='word_1_67' title='bbox 1028 944 1105 992; x_wconf 89' lang='lat' dir='ltr'>esset</span> <span class='ocrx_word' id='word_1_68' title='bbox 1126 932 1293 991; x_wconf 82' lang='lat' dir='ltr'>constituta.</span> 
     </span>
     <span class='ocr_line' id='line_1_9' title="bbox 168 1011 1293 1096; baseline -0.009 -17"><span class='ocrx_word' id='word_1_69' title='bbox 168 1018 247 1079; x_wconf 87' lang='lat' dir='ltr'>Talis</span> <span class='ocrx_word' id='word_1_70' title='bbox 267 1018 316 1076; x_wconf 87' lang='lat' dir='ltr'>lex</span> <span class='ocrx_word' id='word_1_71' title='bbox 338 1016 415 1075; x_wconf 89' lang='lat' dir='ltr'>enim</span> <span class='ocrx_word' id='word_1_72' title='bbox 436 1024 496 1075; x_wconf 84' lang='lat' dir='ltr'>bon</span> <span class='ocrx_word' id='word_1_73' title='bbox 515 1016 602 1074; x_wconf 91' lang='lat' dir='ltr'>modo</span> <span class='ocrx_word' id='word_1_74' title='bbox 622 1016 741 1088; x_wconf 89' lang='lat' dir='ltr'>nemini,</span> <span class='ocrx_word' id='word_1_75' title='bbox 761 1016 816 1075; x_wconf 93' lang='lat' dir='ltr'>nisi</span> <span class='ocrx_word' id='word_1_76' title='bbox 838 1015 889 1096; x_wconf 93' lang='lat' dir='ltr'>qui</span> <span class='ocrx_word' id='word_1_77' title='bbox 910 1033 975 1073; x_wconf 91' lang='lat' dir='ltr'>eam</span> <span class='ocrx_word' id='word_1_78' title='bbox 996 1012 1154 1082; x_wconf 87' lang='lat' dir='ltr'>didicisset,</span> <span class='ocrx_word' id='word_1_79' title='bbox 1177 1011 1293 1093; x_wconf 82' lang='lat' dir='ltr'>cognita</span> 
     </span>
     <span class='ocr_line' id='line_1_10' title="bbox 164 1093 1293 1176; baseline -0.005 -17"><span class='ocrx_word' id='word_1_80' title='bbox 164 1100 252 1171; x_wconf 77' lang='lat' dir='ltr'>foret,</span> <span class='ocrx_word' id='word_1_81' title='bbox 274 1097 428 1157; x_wconf 89' lang='lat' dir='ltr'>sedetiam</span> <span class='ocrx_word' id='word_1_82' title='bbox 449 1097 527 1176; x_wconf 89' lang='lat' dir='ltr'>apud</span> <span class='ocrx_word' id='word_1_83' title='bbox 541 1098 611 1156; x_wconf 90' lang='lat' dir='ltr'>alios</span> <span class='ocrx_word' id='word_1_84' title='bbox 632 1096 688 1156; x_wconf 89' lang='lat' dir='ltr'>alia</span> <span class='ocrx_word' id='word_1_85' title='bbox 701 1110 788 1171; x_wconf 89' lang='lat' dir='ltr'>esset,</span> <span class='ocrx_word' id='word_1_86' title='bbox 810 1108 840 1156; x_wconf 90' lang='lat' dir='ltr'>et</span> <span class='ocrx_word' id='word_1_87' title='bbox 854 1096 974 1156; x_wconf 91' lang='lat' dir='ltr'>condita</span> <span class='ocrx_word' id='word_1_88' title='bbox 987 1114 1101 1155; x_wconf 87' lang='lat' dir='ltr'>rursum</span> <span class='ocrx_word' id='word_1_89' title='bbox 1121 1108 1223 1174; x_wconf 87' lang='lat' dir='ltr'>posset</span> <span class='ocrx_word' id='word_1_90' title='bbox 1244 1093 1293 1153; x_wconf 90' lang='lat' dir='ltr'>ab·</span> 
     </span>
     <span class='ocr_line' id='line_1_11' title="bbox 164 1170 1215 1261; baseline -0.003 -19"><span class='ocrx_word' id='word_1_91' title='bbox 164 1181 273 1261; x_wconf 81' lang='lat' dir='ltr'>rogari.</span> <span class='ocrx_word' id='word_1_92' title='bbox 317 1170 410 1261; x_wconf 81' lang='lat' dir='ltr'>Atq&#39;ui</span> <span class='ocrx_word' id='word_1_93' title='bbox 424 1181 528 1242; x_wconf 90' lang='lat' dir='ltr'>horum</span> <span class='ocrx_word' id='word_1_94' title='bbox 542 1181 671 1238; x_wconf 86' lang='lat' dir='ltr'>omniurn</span> <span class='ocrx_word' id='word_1_95' title='bbox 686 1181 758 1239; x_wconf 90' lang='lat' dir='ltr'>nihil</span> <span class='ocrx_word' id='word_1_96' title='bbox 771 1199 851 1253; x_wconf 76' lang='lat' dir='ltr'>esse,</span> <span class='ocrx_word' id='word_1_97' title='bbox 866 1178 975 1239; x_wconf 88' lang='lat' dir='ltr'>nemini</span> <span class='ocrx_word' id='word_1_98' title='bbox 989 1179 1144 1237; x_wconf 88' lang='lat' dir='ltr'>obscurum</span> <span class='ocrx_word' id='word_1_99' title='bbox 1159 1190 1215 1239; x_wconf 89' lang='lat' dir='ltr'>est.</span> 
     </span>
    </p>

    <p class='ocr_par' dir='ltr' id='par_1_6' title="bbox 161 1260 1295 1743">
     <span class='ocr_line' id='line_1_12' title="bbox 204 1260 1294 1343; baseline -0.002 -20"><span class='ocrx_word' id='word_1_100' title='bbox 204 1269 237 1323; x_wconf 81' lang='lat'>8.</span> <span class='ocrx_word' id='word_1_101' title='bbox 259 1260 384 1327; x_wconf 80' lang='lat' dir='ltr'>Quodsi</span> <span class='ocrx_word' id='word_1_102' title='bbox 398 1261 511 1321; x_wconf 91' lang='lat' dir='ltr'>numeri</span> <span class='ocrx_word' id='word_1_103' title='bbox 532 1262 765 1343; x_wconf 75' lang='lat' dir='ltr'>symmetriasque</span> <span class='ocrx_word' id='word_1_104' title='bbox 778 1262 928 1340; x_wconf 86' lang='lat' dir='ltr'>perceptio</span> <span class='ocrx_word' id='word_1_105' title='bbox 949 1279 1046 1337; x_wconf 90' lang='lat' dir='ltr'>neque</span> <span class='ocrx_word' id='word_1_106' title='bbox 1059 1278 1077 1319; x_wconf 89' lang='lat' dir='ltr'>a</span> <span class='ocrx_word' id='word_1_107' title='bbox 1096 1279 1185 1321; x_wconf 88' lang='lat' dir='ltr'>sensu</span> <span class='ocrx_word' id='word_1_108' title='bbox 1198 1264 1294 1341; x_wconf 68' lang='lat' dir='ltr'>cujus·</span> 
     </span>
     <span class='ocr_line' id='line_1_13' title="bbox 163 1336 1295 1424; baseline -0.008 -20"><span class='ocrx_word' id='word_1_109' title='bbox 163 1365 226 1424; x_wconf 86' lang='lat' dir='ltr'>que</span> <span class='ocrx_word' id='word_1_110' title='bbox 240 1343 362 1420; x_wconf 85' lang='lat' dir='ltr'>regitur,</span> <span class='ocrx_word' id='word_1_111' title='bbox 383 1363 479 1422; x_wconf 89' lang='lat' dir='ltr'>neque</span> <span class='ocrx_word' id='word_1_112' title='bbox 494 1363 532 1401; x_wconf 85' lang='lat' dir='ltr'>ex</span> <span class='ocrx_word' id='word_1_113' title='bbox 546 1345 644 1419; x_wconf 90' lang='lat' dir='ltr'>rebus,</span> <span class='ocrx_word' id='word_1_114' title='bbox 664 1343 694 1401; x_wconf 93' lang='lat' dir='ltr'>in</span> <span class='ocrx_word' id='word_1_115' title='bbox 708 1344 813 1423; x_wconf 91' lang='lat' dir='ltr'>quibus</span> <span class='ocrx_word' id='word_1_116' title='bbox 826 1360 965 1402; x_wconf 86' lang='lat' dir='ltr'>numerus</span> <span class='ocrx_word' id='word_1_117' title='bbox 976 1353 1006 1400; x_wconf 90' lang='lat' dir='ltr'>et</span> <span class='ocrx_word' id='word_1_118' title='bbox 1020 1342 1189 1420; x_wconf 77' lang='lat' dir='ltr'>symmetria</span> <span class='ocrx_word' id='word_1_119' title='bbox 1202 1336 1295 1404; x_wconf 89' lang='lat' dir='ltr'>cerni·</span> 
     </span>
     <span class='ocr_line' id='line_1_14' title="bbox 168 1423 1293 1506; baseline 0 -20"><span class='ocrx_word' id='word_1_120' title='bbox 168 1439 227 1495; x_wconf 92' lang='lat' dir='ltr'>tur,</span> <span class='ocrx_word' id='word_1_121' title='bbox 248 1425 369 1505; x_wconf 87' lang='lat' dir='ltr'>pendet,</span> <span class='ocrx_word' id='word_1_122' title='bbox 389 1444 485 1506; x_wconf 90' lang='lat' dir='ltr'>neque</span> <span class='ocrx_word' id='word_1_123' title='bbox 507 1425 640 1484; x_wconf 86' lang='lat' dir='ltr'>doctrina</span> <span class='ocrx_word' id='word_1_124' title='bbox 660 1424 766 1505; x_wconf 91' lang='lat' dir='ltr'>aliqua,</span> <span class='ocrx_word' id='word_1_125' title='bbox 786 1443 874 1503; x_wconf 87' lang='lat' dir='ltr'>quarn</span> <span class='ocrx_word' id='word_1_126' title='bbox 889 1423 953 1502; x_wconf 90' lang='lat' dir='ltr'>quis</span> <span class='ocrx_word' id='word_1_127' title='bbox 973 1434 1041 1483; x_wconf 91' lang='lat' dir='ltr'>ante</span> <span class='ocrx_word' id='word_1_128' title='bbox 1055 1423 1201 1496; x_wconf 86' lang='lat' dir='ltr'>didicerit,</span> <span class='ocrx_word' id='word_1_129' title='bbox 1222 1438 1293 1505; x_wconf 66' lang='lat' dir='ltr'>opus</span> 
     </span>
     <span class='ocr_line' id='line_1_15' title="bbox 168 1502 1293 1586; baseline 0.001 -20"><span class='ocrx_word' id='word_1_130' title='bbox 168 1508 277 1567; x_wconf 87' lang='lat' dir='ltr'>habet:</span> <span class='ocrx_word' id='word_1_131' title='bbox 297 1507 347 1564; x_wconf 84' lang='lat' dir='ltr'>lex</span> <span class='ocrx_word' id='word_1_132' title='bbox 368 1525 412 1579; x_wconf 89' lang='lat' dir='ltr'>ea,</span> <span class='ocrx_word' id='word_1_133' title='bbox 431 1526 492 1586; x_wconf 82' lang='lat' dir='ltr'>qua</span> <span class='ocrx_word' id='word_1_134' title='bbox 509 1507 555 1567; x_wconf 75' lang='lat' dir='ltr'>uel</span> <span class='ocrx_word' id='word_1_135' title='bbox 576 1502 714 1568; x_wconf 82' lang='lat' dir='ltr'>numerus</span> <span class='ocrx_word' id='word_1_136' title='bbox 727 1506 773 1565; x_wconf 89' lang='lat' dir='ltr'>vel</span> <span class='ocrx_word' id='word_1_137' title='bbox 793 1506 961 1585; x_wconf 85' lang='lat' dir='ltr'>symmetria</span> <span class='ocrx_word' id='word_1_138' title='bbox 973 1504 1125 1576; x_wconf 88' lang='lat' dir='ltr'>definitur,</span> <span class='ocrx_word' id='word_1_139' title='bbox 1146 1525 1207 1565; x_wconf 90' lang='lat' dir='ltr'>non</span> <span class='ocrx_word' id='word_1_140' title='bbox 1226 1509 1293 1568; x_wconf 89' lang='lat' dir='ltr'>sub·</span> 
     </span>
     <span class='ocr_line' id='line_1_16' title="bbox 166 1586 1295 1671; baseline -0.001 -22"><span class='ocrx_word' id='word_1_141' title='bbox 166 1591 282 1671; x_wconf 82' lang='lat' dir='ltr'>jectiva,</span> <span class='ocrx_word' id='word_1_142' title='bbox 296 1586 347 1647; x_wconf 88' lang='lat' dir='ltr'>sed</span> <span class='ocrx_word' id='word_1_143' title='bbox 362 1606 556 1660; x_wconf 81' lang='lat' dir='ltr'>oasscrrvs,</span> <span class='ocrx_word' id='word_1_144' title='bbox 577 1607 636 1648; x_wconf 93' lang='lat' dir='ltr'>non</span> <span class='ocrx_word' id='word_1_145' title='bbox 650 1587 815 1660; x_wconf 86' lang='lat' dir='ltr'>materialis,</span> <span class='ocrx_word' id='word_1_146' title='bbox 826 1587 889 1661; x_wconf 83' lang='lat' dir='ltr'>&#39;sed</span> <span class='ocrx_word' id='word_1_147' title='bbox 906 1604 1088 1658; x_wconf 80' lang='lat' dir='ltr'>sosusms,</span> <span class='ocrx_word' id='word_1_148' title='bbox 1110 1607 1169 1646; x_wconf 93' lang='lat' dir='ltr'>non</span> <span class='ocrx_word' id='word_1_149' title='bbox 1181 1589 1295 1670; x_wconf 87' lang='lat' dir='ltr'>empiri-</span> 
     </span>
     <span class='ocr_line' id='line_1_17' title="bbox 161 1667 1235 1743; baseline -0.004 -13"><span class='ocrx_word' id='word_1_150' title='bbox 161 1667 217 1743; x_wconf 83' lang='lat' dir='ltr'>ca,</span> <span class='ocrx_word' id='word_1_151' title='bbox 237 1670 290 1730; x_wconf 88' lang='lat' dir='ltr'>sed</span> <span class='ocrx_word' id='word_1_152' title='bbox 304 1688 434 1731; x_wconf 74' lang='lat' dir='ltr'>russas</span> <span class='ocrx_word' id='word_1_153' title='bbox 450 1670 533 1728; x_wconf 92' lang='lat' dir='ltr'>nobis</span> <span class='ocrx_word' id='word_1_154' title='bbox 548 1670 586 1729; x_wconf 84' lang='lat' dir='ltr'>sit</span> <span class='ocrx_word' id='word_1_155' title='bbox 600 1689 719 1729; x_wconf 89' lang='lat' dir='ltr'>necesse</span> <span class='ocrx_word' id='word_1_156' title='bbox 733 1682 787 1730; x_wconf 89' lang='lat' dir='ltr'>est.</span> <span class='ocrx_word' id='word_1_157' title='bbox 1229 1702 1235 1710; x_wconf 78' lang='lat'>=</span> 
     </span>
    </p>

    <p class='ocr_par' dir='ltr' id='par_1_7' title="bbox 121 1750 1302 3141">
     <span class='ocr_line' id='line_1_18' title="bbox 211 1750 1293 1832; baseline 0 -21"><span class='ocrx_word' id='word_1_158' title='bbox 211 1757 241 1814; x_wconf 89' lang='lat'>9.</span> <span class='ocrx_word' id='word_1_159' title='bbox 262 1751 357 1830; x_wconf 79' lang='lat' dir='ltr'>Igitur</span> <span class='ocrx_word' id='word_1_160' title='bbox 370 1752 475 1832; x_wconf 87' lang='lat' dir='ltr'>primo,</span> <span class='ocrx_word' id='word_1_161' title='bbox 496 1751 575 1830; x_wconf 91' lang='lat' dir='ltr'>quod</span> <span class='ocrx_word' id='word_1_162' title='bbox 595 1751 634 1813; x_wconf 88' lang='lat' dir='ltr'>ad</span> <span class='ocrx_word' id='word_1_163' title='bbox 647 1750 758 1818; x_wconf 85' lang='lat' dir='ltr'>fontem</span> <span class='ocrx_word' id='word_1_164' title='bbox 779 1757 841 1832; x_wconf 82' lang='lat' dir='ltr'>ejus</span> <span class='ocrx_word' id='word_1_165' title='bbox 865 1755 980 1829; x_wconf 81' lang='lat' dir='ltr'>attinet,</span> <span class='ocrx_word' id='word_1_166' title='bbox 1002 1770 1216 1816; x_wconf 80' lang='lat' dir='ltr'>oasacrrvsu</span> <span class='ocrx_word' id='word_1_167' title='bbox 1230 1771 1293 1814; x_wconf 88' lang='lat' dir='ltr'>eam</span> 
     </span>
     <span class='ocr_line' id='line_1_19' title="bbox 166 1832 1295 1913; baseline 0.005 -25"><span class='ocrx_word' id='word_1_168' title='bbox 166 1853 234 1894; x_wconf 89' lang='lat' dir='ltr'>esse</span> <span class='ocrx_word' id='word_1_169' title='bbox 253 1843 380 1912; x_wconf 86' lang='lat' dir='ltr'>oportet,</span> <span class='ocrx_word' id='word_1_170' title='bbox 401 1834 421 1890; x_wconf 90' lang='lat' dir='ltr'>i.</span> <span class='ocrx_word' id='word_1_171' title='bbox 435 1852 462 1893; x_wconf 88' lang='lat' dir='ltr'>e.</span> <span class='ocrx_word' id='word_1_172' title='bbox 483 1852 522 1892; x_wconf 85' lang='lat' dir='ltr'>ex</span> <span class='ocrx_word' id='word_1_173' title='bbox 542 1833 605 1913; x_wconf 90' lang='lat' dir='ltr'>ipsa</span> <span class='ocrx_word' id='word_1_174' title='bbox 618 1832 660 1892; x_wconf 89' lang='lat' dir='ltr'>rei</span> <span class='ocrx_word' id='word_1_175' title='bbox 679 1842 785 1892; x_wconf 89' lang='lat' dir='ltr'>natura</span> <span class='ocrx_word' id='word_1_176' title='bbox 803 1836 969 1913; x_wconf 86' lang='lat' dir='ltr'>petendam.</span> <span class='ocrx_word' id='word_1_177' title='bbox 1006 1834 1100 1903; x_wconf 74' lang='lat' dir='ltr'>&#39;Quod</span> <span class='ocrx_word' id='word_1_178' title='bbox 1113 1835 1138 1894; x_wconf 90' lang='lat' dir='ltr'>si</span> <span class='ocrx_word' id='word_1_179' title='bbox 1158 1852 1295 1895; x_wconf 88' lang='lat' dir='ltr'>numerus</span> 
     </span>
     <span class='ocr_line' id='line_1_20' title="bbox 167 1915 1295 1997; baseline 0.001 -22"><span class='ocrx_word' id='word_1_180' title='bbox 167 1915 304 1976; x_wconf 90' lang='lat' dir='ltr'>ordinata</span> <span class='ocrx_word' id='word_1_181' title='bbox 318 1915 504 1975; x_wconf 81' lang='lat' dir='ltr'>successione</span> <span class='ocrx_word' id='word_1_182' title='bbox 523 1925 689 1993; x_wconf 87' lang='lat' dir='ltr'>temporum</span> <span class='ocrx_word' id='word_1_183' title='bbox 702 1916 880 1990; x_wconf 88' lang='lat' dir='ltr'>continetur,</span> <span class='ocrx_word' id='word_1_184' title='bbox 899 1919 986 1978; x_wconf 79' lang='lat' dir='ltr'>facile</span> <span class='ocrx_word' id='word_1_185' title='bbox 998 1916 1189 1997; x_wconf 82' lang='lat' dir='ltr'>intelligitur,</span> <span class='ocrx_word' id='word_1_186' title='bbox 1202 1916 1295 1997; x_wconf 85' lang='lat' dir='ltr'>legem</span> 
     </span>
     <span class='ocr_line' id='line_1_21' title="bbox 167 1997 1297 2082; baseline 0.001 -25"><span class='ocrx_word' id='word_1_187' title='bbox 167 2000 233 2076; x_wconf 89' lang='lat' dir='ltr'>ejus</span> <span class='ocrx_word' id='word_1_188' title='bbox 244 2015 340 2076; x_wconf 82' lang='lat' dir='ltr'>neque</span> <span class='ocrx_word' id='word_1_189' title='bbox 354 2015 392 2056; x_wconf 81' lang='lat' dir='ltr'>est</span> <span class='ocrx_word' id='word_1_190' title='bbox 402 1997 518 2068; x_wconf 83' lang='lat' dir='ltr'>ordine,</span> <span class='ocrx_word' id='word_1_191' title='bbox 532 2015 629 2075; x_wconf 90' lang='lat' dir='ltr'>neque</span> <span class='ocrx_word' id='word_1_192' title='bbox 642 2015 681 2056; x_wconf 85' lang='lat' dir='ltr'>cx</span> <span class='ocrx_word' id='word_1_193' title='bbox 692 1998 870 2075; x_wconf 91' lang='lat' dir='ltr'>temporibus</span> <span class='ocrx_word' id='word_1_194' title='bbox 884 2001 944 2079; x_wconf 89' lang='lat' dir='ltr'>peti</span> <span class='ocrx_word' id='word_1_195' title='bbox 953 2020 1049 2080; x_wconf 90' lang='lat' dir='ltr'>posse,</span> <span class='ocrx_word' id='word_1_196' title='bbox 1060 2001 1129 2082; x_wconf 87' lang='lat' dir='ltr'>quia</span> <span class='ocrx_word' id='word_1_197' title='bbox 1143 2011 1174 2060; x_wconf 93' lang='lat' dir='ltr'>et</span> <span class='ocrx_word' id='word_1_198' title='bbox 1184 1999 1257 2060; x_wconf 92' lang='lat' dir='ltr'>ordo</span> <span class='ocrx_word' id='word_1_199' title='bbox 1267 2008 1297 2059; x_wconf 91' lang='lat' dir='ltr'>et</span> 
     </span>
     <span class='ocr_line' id='line_1_22' title="bbox 121 2076 1295 2161; baseline 0.002 -22"><span class='ocrx_word' id='word_1_200' title='bbox 121 2088 123 2097; x_wconf 82' lang='grc'><strong>“</strong></span> <span class='ocrx_word' id='word_1_201' title='bbox 170 2090 303 2159; x_wconf 89' lang='lat' dir='ltr'>tempora</span> <span class='ocrx_word' id='word_1_202' title='bbox 312 2076 426 2138; x_wconf 83' lang='lat' dir='ltr'>deliniri</span> <span class='ocrx_word' id='word_1_203' title='bbox 436 2077 554 2138; x_wconf 90' lang='lat' dir='ltr'>demum</span> <span class='ocrx_word' id='word_1_204' title='bbox 565 2076 617 2136; x_wconf 90' lang='lat' dir='ltr'>illa</span> <span class='ocrx_word' id='word_1_205' title='bbox 625 2076 692 2157; x_wconf 84' lang='lat' dir='ltr'>lege</span> <span class='ocrx_word' id='word_1_206' title='bbox 705 2077 824 2139; x_wconf 88' lang='lat' dir='ltr'>debent.</span> <span class='ocrx_word' id='word_1_207' title='bbox 852 2080 956 2161; x_wconf 89' lang='lat' dir='ltr'>ltaque</span> <span class='ocrx_word' id='word_1_208' title='bbox 970 2083 1031 2142; x_wconf 89' lang='lat' dir='ltr'>sola</span> <span class='ocrx_word' id='word_1_209' title='bbox 1040 2093 1173 2161; x_wconf 88' lang='lat' dir='ltr'>superest</span> <span class='ocrx_word' id='word_1_210' title='bbox 1181 2099 1295 2141; x_wconf 89' lang='lat' dir='ltr'>succes·</span> 
     </span>
     <span class='ocr_line' id='line_1_23' title="bbox 168 2158 1296 2240; baseline 0.001 -19"><span class='ocrx_word' id='word_1_211' title='bbox 168 2162 222 2222; x_wconf 89' lang='lat' dir='ltr'>sio.</span> <span class='ocrx_word' id='word_1_212' title='bbox 253 2161 308 2220; x_wconf 90' lang='lat' dir='ltr'>Est</span> <span class='ocrx_word' id='word_1_213' title='bbox 329 2171 428 2220; x_wconf 88' lang='lat' dir='ltr'>autem</span> <span class='ocrx_word' id='word_1_214' title='bbox 455 2158 601 2240; x_wconf 86' lang='lat' dir='ltr'>objectiva</span> <span class='ocrx_word' id='word_1_215' title='bbox 618 2159 715 2220; x_wconf 86' lang='lat' dir='ltr'>omnis</span> <span class='ocrx_word' id='word_1_216' title='bbox 732 2162 924 2223; x_wconf 83' lang='lat' dir='ltr'>successionis</span> <span class='ocrx_word' id='word_1_217' title='bbox 946 2181 1051 2224; x_wconf 86' lang='lat' dir='ltr'>caussa</span> <span class='ocrx_word' id='word_1_218' title='bbox 1068 2178 1296 2237; x_wconf 79' lang='lat' dir='ltr'>ararorsurrs,</span> 
     </span>
     <span class='ocr_line' id='line_1_24' title="bbox 170 2241 1295 2324; baseline 0.003 -22"><span class='ocrx_word' id='word_1_219' title='bbox 170 2243 355 2323; x_wconf 86' lang='lat' dir='ltr'>quonomioe</span> <span class='ocrx_word' id='word_1_220' title='bbox 365 2262 486 2315; x_wconf 87' lang='lat' dir='ltr'>nexum,</span> <span class='ocrx_word' id='word_1_221' title='bbox 497 2243 546 2322; x_wconf 92' lang='lat' dir='ltr'>qui</span> <span class='ocrx_word' id='word_1_222' title='bbox 561 2241 691 2302; x_wconf 87' lang='lat' dir='ltr'>estioter</span> <span class='ocrx_word' id='word_1_223' title='bbox 704 2261 836 2303; x_wconf 84' lang='lat' dir='ltr'>caussam</span> <span class='ocrx_word' id='word_1_224' title='bbox 845 2256 933 2324; x_wconf 90' lang='lat' dir='ltr'>atque</span> <span class='ocrx_word' id='word_1_225' title='bbox 947 2241 1095 2318; x_wconf 85' lang='lat' dir='ltr'>effectum,</span> <span class='ocrx_word' id='word_1_226' title='bbox 1108 2243 1233 2324; x_wconf 82' lang='lat' dir='ltr'>intelligi</span> <span class='ocrx_word' id='word_1_227' title='bbox 1247 2263 1295 2305; x_wconf 83' lang='lat' dir='ltr'>vo·</span> 
     </span>
     <span class='ocr_line' id='line_1_25' title="bbox 168 2324 1297 2403; baseline 0.001 -19"><span class='ocrx_word' id='word_1_228' title='bbox 168 2327 276 2389; x_wconf 83' lang='lat' dir='ltr'>lomus.</span> <span class='ocrx_word' id='word_1_229' title='bbox 317 2325 401 2391; x_wconf 78' lang='lat' dir='ltr'>Nam.</span> <span class='ocrx_word' id='word_1_230' title='bbox 408 2324 550 2403; x_wconf 89' lang='lat' dir='ltr'>quidquid</span> <span class='ocrx_word' id='word_1_231' title='bbox 562 2335 668 2384; x_wconf 90' lang='lat' dir='ltr'>natura</span> <span class='ocrx_word' id='word_1_232' title='bbox 678 2343 735 2385; x_wconf 89' lang='lat' dir='ltr'>sua</span> <span class='ocrx_word' id='word_1_233' title='bbox 748 2335 779 2384; x_wconf 91' lang='lat' dir='ltr'>et</span> <span class='ocrx_word' id='word_1_234' title='bbox 792 2325 956 2385; x_wconf 88' lang='lat' dir='ltr'>necessario</span> <span class='ocrx_word' id='word_1_235' title='bbox 970 2326 1025 2387; x_wconf 92' lang='lat' dir='ltr'>sibi</span> <span class='ocrx_word' id='word_1_236' title='bbox 1038 2326 1181 2398; x_wconf 88' lang='lat' dir='ltr'>succedit,</span> <span class='ocrx_word' id='word_1_237' title='bbox 1195 2326 1226 2387; x_wconf 94' lang='lat' dir='ltr'>id</span> <span class='ocrx_word' id='word_1_238' title='bbox 1239 2343 1297 2387; x_wconf 84' lang='lat' dir='ltr'>uon</span> 
     </span>
     <span class='ocr_line' id='line_1_26' title="bbox 171 2405 1296 2488; baseline 0.003 -23"><span class='ocrx_word' id='word_1_239' title='bbox 171 2418 268 2488; x_wconf 89' lang='lat' dir='ltr'>potest</span> <span class='ocrx_word' id='word_1_240' title='bbox 289 2405 373 2465; x_wconf 80' lang='lat' dir='ltr'>aliter</span> <span class='ocrx_word' id='word_1_241' title='bbox 393 2406 564 2476; x_wconf 84' lang='lat' dir='ltr'>succedere,</span> <span class='ocrx_word' id='word_1_242' title='bbox 587 2423 675 2484; x_wconf 90' lang='lat' dir='ltr'>quam</span> <span class='ocrx_word' id='word_1_243' title='bbox 695 2417 731 2464; x_wconf 90' lang='lat' dir='ltr'>ut</span> <span class='ocrx_word' id='word_1_244' title='bbox 750 2405 847 2484; x_wconf 90' lang='lat' dir='ltr'>priora</span> <span class='ocrx_word' id='word_1_245' title='bbox 870 2426 994 2487; x_wconf 85' lang='lat' dir='ltr'>quaeque</span> <span class='ocrx_word' id='word_1_246' title='bbox 1018 2427 1128 2468; x_wconf 86' lang='lat' dir='ltr'>cauasae</span> <span class='ocrx_word' id='word_1_247' title='bbox 1148 2407 1207 2467; x_wconf 92' lang='lat' dir='ltr'>sint</span> <span class='ocrx_word' id='word_1_248' title='bbox 1230 2407 1296 2468; x_wconf 88' lang='lat' dir='ltr'>sub-</span> 
     </span>
     <span class='ocr_line' id='line_1_27' title="bbox 169 2486 1302 2570; baseline 0.002 -22"><span class='ocrx_word' id='word_1_249' title='bbox 169 2487 366 2567; x_wconf 89' lang='lat' dir='ltr'>sequentium,</span> <span class='ocrx_word' id='word_1_250' title='bbox 380 2486 588 2564; x_wconf 87' lang='lat' dir='ltr'>subsequentia</span> <span class='ocrx_word' id='word_1_251' title='bbox 601 2497 699 2544; x_wconf 87' lang='lat' dir='ltr'>autem</span> <span class='ocrx_word' id='word_1_252' title='bbox 718 2487 822 2546; x_wconf 84' lang='lat' dir='ltr'>effecta</span> <span class='ocrx_word' id='word_1_253' title='bbox 834 2488 974 2567; x_wconf 87' lang='lat' dir='ltr'>priorum.</span> <span class='ocrx_word' id='word_1_254' title='bbox 1004 2491 1109 2570; x_wconf 88' lang='lat' dir='ltr'>ltaque</span> <span class='ocrx_word' id='word_1_255' title='bbox 1122 2488 1173 2549; x_wconf 85' lang='lat' dir='ltr'>lex</span> <span class='ocrx_word' id='word_1_256' title='bbox 1187 2488 1302 2550; x_wconf 78' lang='lat' dir='ltr'>numeri</span> 
     </span>
     <span class='ocr_line' id='line_1_28' title="bbox 167 2562 1298 2652; baseline 0.001 -22"><span class='ocrx_word' id='word_1_257' title='bbox 167 2568 280 2650; x_wconf 86' lang='lat' dir='ltr'>pendet</span> <span class='ocrx_word' id='word_1_258' title='bbox 293 2587 330 2627; x_wconf 84' lang='lat' dir='ltr'>err</span> <span class='ocrx_word' id='word_1_259' title='bbox 346 2566 509 2628; x_wconf 84' lang='lat' dir='ltr'>efficientia.</span> <span class='ocrx_word' id='word_1_260' title='bbox 552 2566 640 2627; x_wconf 90' lang='lat' dir='ltr'>Unde</span> <span class='ocrx_word' id='word_1_261' title='bbox 652 2566 695 2638; x_wconf 87' lang='lat' dir='ltr'>fit,</span> <span class='ocrx_word' id='word_1_262' title='bbox 717 2578 761 2639; x_wconf 91' lang='lat' dir='ltr'>ut,</span> <span class='ocrx_word' id='word_1_263' title='bbox 781 2569 899 2652; x_wconf 88' lang='lat' dir='ltr'>incepto</span> <span class='ocrx_word' id='word_1_264' title='bbox 914 2571 1012 2651; x_wconf 86' lang='lat' dir='ltr'>aliquo</span> <span class='ocrx_word' id='word_1_265' title='bbox 1025 2589 1159 2642; x_wconf 88' lang='lat' dir='ltr'>numero,</span> <span class='ocrx_word' id='word_1_266' title='bbox 1172 2562 1298 2650; x_wconf 84' lang='lat' dir='ltr'>reliquas</span> 
     </span>
     <span class='ocr_line' id='line_1_29' title="bbox 167 2646 1297 2733; baseline 0.003 -23"><span class='ocrx_word' id='word_1_267' title='bbox 167 2657 231 2733; x_wconf 83' lang='lat' dir='ltr'>ejus</span> <span class='ocrx_word' id='word_1_268' title='bbox 244 2661 342 2729; x_wconf 86' lang='lat' dir='ltr'>partes</span> <span class='ocrx_word' id='word_1_269' title='bbox 356 2661 389 2708; x_wconf 91' lang='lat' dir='ltr'>ut</span> <span class='ocrx_word' id='word_1_270' title='bbox 402 2646 566 2709; x_wconf 84' lang='lat' dir='ltr'>necessario</span> <span class='ocrx_word' id='word_1_271' title='bbox 581 2660 821 2727; x_wconf 87' lang='lat' dir='ltr'>consequuturas‚</span> <span class='ocrx_word' id='word_1_272' title='bbox 842 2662 931 2731; x_wconf 88' lang='lat' dir='ltr'>atque</span> <span class='ocrx_word' id='word_1_273' title='bbox 945 2672 984 2713; x_wconf 84' lang='lat' dir='ltr'>ex</span> <span class='ocrx_word' id='word_1_274' title='bbox 1001 2652 1147 2732; x_wconf 82' lang='lat' dir='ltr'>prioribus</span> <span class='ocrx_word' id='word_1_275' title='bbox 1159 2663 1297 2732; x_wconf 88' lang='lat' dir='ltr'>tanquam</span> 
     </span>
     <span class='ocr_line' id='line_1_30' title="bbox 168 2729 1119 2811; baseline 0.001 -19"><span class='ocrx_word' id='word_1_276' title='bbox 168 2733 388 2795; x_wconf 83' lang='lat' dir='ltr'>effectaearum</span> <span class='ocrx_word' id='word_1_277' title='bbox 401 2729 566 2810; x_wconf 90' lang='lat' dir='ltr'>prodituras</span> <span class='ocrx_word' id='word_1_278' title='bbox 578 2731 903 2811; x_wconf 86' lang='lat' dir='ltr'>meotepraecipiamus.</span> <span class='ocrx_word' id='word_1_279' title='bbox 1116 2806 1119 2811; x_wconf 17' lang='grc' dir='ltr'>ι</span> 
     </span>
     <span class='ocr_line' id='line_1_31' title="bbox 123 2812 1300 2896; baseline 0.001 -21"><span class='ocrx_word' id='word_1_280' title='bbox 123 2850 125 2854; x_wconf 63' lang='lat'>=</span> <span class='ocrx_word' id='word_1_281' title='bbox 213 2813 326 2875; x_wconf 84' lang='lat' dir='ltr'>Eodem</span> <span class='ocrx_word' id='word_1_282' title='bbox 349 2813 438 2872; x_wconf 90' lang='lat' dir='ltr'>modo</span> <span class='ocrx_word' id='word_1_283' title='bbox 461 2813 638 2892; x_wconf 79' lang='lat' dir='ltr'>symmetria</span> <span class='ocrx_word' id='word_1_284' title='bbox 660 2812 710 2872; x_wconf 82' lang='lat' dir='ltr'>lex</span> <span class='ocrx_word' id='word_1_285' title='bbox 731 2832 828 2894; x_wconf 89' lang='lat' dir='ltr'>neque</span> <span class='ocrx_word' id='word_1_286' title='bbox 852 2835 870 2874; x_wconf 91' lang='lat' dir='ltr'>a</span> <span class='ocrx_word' id='word_1_287' title='bbox 890 2815 999 2896; x_wconf 85' lang='lat' dir='ltr'>spatiis,</span> <span class='ocrx_word' id='word_1_288' title='bbox 1020 2834 1118 2895; x_wconf 88' lang='lat' dir='ltr'>neque</span> <span class='ocrx_word' id='word_1_289' title='bbox 1138 2835 1178 2877; x_wconf 85' lang='lat' dir='ltr'>ex</span> <span class='ocrx_word' id='word_1_290' title='bbox 1198 2814 1300 2876; x_wconf 85' lang='lat' dir='ltr'>ordine</span> 
     </span>
     <span class='ocr_line' id='line_1_32' title="bbox 171 2892 1301 2980; baseline -0.001 -22"><span class='ocrx_word' id='word_1_291' title='bbox 171 2916 284 2969; x_wconf 87' lang='lat' dir='ltr'>eorum,</span> <span class='ocrx_word' id='word_1_292' title='bbox 302 2895 357 2956; x_wconf 92' lang='lat' dir='ltr'>sed</span> <span class='ocrx_word' id='word_1_293' title='bbox 378 2914 420 2954; x_wconf 85' lang='lat' dir='ltr'>ex</span> <span class='ocrx_word' id='word_1_294' title='bbox 444 2892 637 2954; x_wconf 87' lang='lat' dir='ltr'>continuitate</span> <span class='ocrx_word' id='word_1_295' title='bbox 660 2894 835 2955; x_wconf 90' lang='lat' dir='ltr'>deducenda</span> <span class='ocrx_word' id='word_1_296' title='bbox 858 2908 913 2957; x_wconf 89' lang='lat' dir='ltr'>est.</span> <span class='ocrx_word' id='word_1_297' title='bbox 935 2898 1009 2957; x_wconf 18' lang='lat' dir='ltr'>,Est</span> <span class='ocrx_word' id='word_1_298' title='bbox 1033 2909 1132 2958; x_wconf 90' lang='lat' dir='ltr'>autam</span> <span class='ocrx_word' id='word_1_299' title='bbox 1156 2897 1301 2980; x_wconf 77' lang='lat' dir='ltr'>objectiva</span> 
     </span>
     <span class='ocr_line' id='line_1_33' title="bbox 171 2975 1298 3061; baseline 0 -23"><span class='ocrx_word' id='word_1_300' title='bbox 171 2979 267 3043; x_wconf 86' lang='lat' dir='ltr'>omnis</span> <span class='ocrx_word' id='word_1_301' title='bbox 287 2975 487 3037; x_wconf 87' lang='lat' dir='ltr'>continuitatis</span> <span class='ocrx_word' id='word_1_302' title='bbox 508 2994 610 3035; x_wconf 89' lang='lat' dir='ltr'>caussa</span> <span class='ocrx_word' id='word_1_303' title='bbox 622 2994 858 3039; x_wconf 77' lang='lat' dir='ltr'>coamaaums.</span> <span class='ocrx_word' id='word_1_304' title='bbox 901 2979 977 3038; x_wconf 90' lang='lat' dir='ltr'>Nam</span> <span class='ocrx_word' id='word_1_305' title='bbox 991 2979 1133 3060; x_wconf 90' lang='lat' dir='ltr'>quidquid</span> <span class='ocrx_word' id='word_1_306' title='bbox 1154 2979 1185 3038; x_wconf 91' lang='lat' dir='ltr'>in</span> <span class='ocrx_word' id='word_1_307' title='bbox 1205 2979 1298 3061; x_wconf 91' lang='lat' dir='ltr'>spatio</span> 
     </span>
     <span class='ocr_line' id='line_1_34' title="bbox 172 3057 1300 3141; baseline 0.001 -21"><span class='ocrx_word' id='word_1_308' title='bbox 172 3072 279 3121; x_wconf 89' lang='lat' dir='ltr'>natura</span> <span class='ocrx_word' id='word_1_309' title='bbox 292 3079 345 3118; x_wconf 90' lang='lat' dir='ltr'>sua</span> <span class='ocrx_word' id='word_1_310' title='bbox 357 3069 389 3117; x_wconf 91' lang='lat' dir='ltr'>et</span> <span class='ocrx_word' id='word_1_311' title='bbox 400 3057 565 3118; x_wconf 85' lang='lat' dir='ltr'>necessario</span> <span class='ocrx_word' id='word_1_312' title='bbox 587 3060 776 3137; x_wconf 88' lang='lat' dir='ltr'>conjunctum</span> <span class='ocrx_word' id='word_1_313' title='bbox 792 3070 846 3133; x_wconf 90' lang='lat' dir='ltr'>est,</span> <span class='ocrx_word' id='word_1_314' title='bbox 867 3059 897 3118; x_wconf 93' lang='lat' dir='ltr'>id</span> <span class='ocrx_word' id='word_1_315' title='bbox 918 3080 978 3120; x_wconf 90' lang='lat' dir='ltr'>non</span> <span class='ocrx_word' id='word_1_316' title='bbox 997 3072 1096 3140; x_wconf 90' lang='lat' dir='ltr'>potest</span> <span class='ocrx_word' id='word_1_317' title='bbox 1109 3060 1193 3122; x_wconf 88' lang='lat' dir='ltr'>aliter</span> <span class='ocrx_word' id='word_1_318' title='bbox 1214 3079 1300 3141; x_wconf 88' lang='lat' dir='ltr'>quam</span> 
     </span>
    </p>
   </div>
   <div class='ocr_carea' id='block_1_5' title="bbox 172 3141 1300 3278">
    <p class='ocr_par' dir='ltr' id='par_1_8' title="bbox 172 3141 1300 3278">
     <span class='ocr_line' id='line_1_35' title="bbox 172 3141 1300 3278; baseline -0.002 -76"><span class='ocrx_word' id='word_1_319' title='bbox 172 3141 349 3204; x_wconf 87' lang='lat' dir='ltr'>cohaerendo</span> <span class='ocrx_word' id='word_1_320' title='bbox 363 3157 426 3200; x_wconf 89' lang='lat' dir='ltr'>esse</span> <span class='ocrx_word' id='word_1_321' title='bbox 438 3143 640 3278; x_wconf 49' lang='lat' dir='ltr'>conq&#39;qsnctum.</span> <span class='ocrx_word' id='word_1_322' title='bbox 681 3141 782 3219; x_wconf 90' lang='lat' dir='ltr'>Atque</span> <span class='ocrx_word' id='word_1_323' title='bbox 795 3141 854 3201; x_wconf 85' lang='lat' dir='ltr'>boc</span> <span class='ocrx_word' id='word_1_324' title='bbox 867 3162 985 3222; x_wconf 89' lang='lat' dir='ltr'>quoque</span> <span class='ocrx_word' id='word_1_325' title='bbox 994 3143 1061 3237; x_wconf 82' lang='lat' dir='ltr'>ipsa</span> <span class='ocrx_word' id='word_1_326' title='bbox 1073 3145 1171 3203; x_wconf 90' lang='lat' dir='ltr'>statim</span> <span class='ocrx_word' id='word_1_327' title='bbox 1186 3141 1300 3224; x_wconf 83' lang='lat' dir='ltr'>experi-</span> 
     </span>
    </p>
   </div>
   <div class='ocr_carea' id='block_1_6' title="bbox 169 3221 1314 4455">
    <p class='ocr_par' dir='ltr' id='par_1_9' title="bbox 171 3221 1300 3473">
     <span class='ocr_line' id='line_1_36' title="bbox 172 3221 1300 3305; baseline -0.003 -18"><span class='ocrx_word' id='word_1_328' title='bbox 172 3224 254 3287; x_wconf 89' lang='lat' dir='ltr'>entia</span> <span class='ocrx_word' id='word_1_329' title='bbox 266 3223 447 3303; x_wconf 89' lang='lat' dir='ltr'>comprobat.</span> <span class='ocrx_word' id='word_1_330' title='bbox 490 3265 503 3278; x_wconf 74' lang='grc'><strong>.</strong></span> <span class='ocrx_word' id='word_1_331' title='bbox 521 3221 579 3280; x_wconf 86' lang='lat' dir='ltr'>ulla</span> <span class='ocrx_word' id='word_1_332' title='bbox 599 3221 676 3280; x_wconf 91' lang='lat' dir='ltr'>enim</span> <span class='ocrx_word' id='word_1_333' title='bbox 690 3222 745 3281; x_wconf 92' lang='lat' dir='ltr'>nisi</span> <span class='ocrx_word' id='word_1_334' title='bbox 758 3223 788 3280; x_wconf 92' lang='lat' dir='ltr'>in</span> <span class='ocrx_word' id='word_1_335' title='bbox 803 3242 839 3283; x_wconf 91' lang='lat' dir='ltr'>ao</span> <span class='ocrx_word' id='word_1_336' title='bbox 854 3236 1022 3305; x_wconf 78' lang='lat' dir='ltr'>symmetria</span> <span class='ocrx_word' id='word_1_337' title='bbox 1035 3236 1089 3298; x_wconf 88' lang='lat' dir='ltr'>est,</span> <span class='ocrx_word' id='word_1_338' title='bbox 1111 3225 1190 3304; x_wconf 92' lang='lat' dir='ltr'>quod</span> <span class='ocrx_word' id='word_1_339' title='bbox 1205 3236 1238 3284; x_wconf 92' lang='lat' dir='ltr'>ut</span> <span class='ocrx_word' id='word_1_340' title='bbox 1252 3243 1300 3285; x_wconf 90' lang='lat' dir='ltr'>co·</span> 
     </span>
     <span class='ocr_line' id='line_1_37' title="bbox 171 3303 1300 3388; baseline 0 -22"><span class='ocrx_word' id='word_1_341' title='bbox 171 3307 286 3366; x_wconf 89' lang='lat' dir='ltr'>baerens</span> <span class='ocrx_word' id='word_1_342' title='bbox 302 3304 517 3364; x_wconf 77' lang='lat' dir='ltr'>consideratur:</span> <span class='ocrx_word' id='word_1_343' title='bbox 537 3304 621 3382; x_wconf 87' lang='lat' dir='ltr'>cujus</span> <span class='ocrx_word' id='word_1_344' title='bbox 641 3303 710 3362; x_wconf 91' lang='lat' dir='ltr'>data</span> <span class='ocrx_word' id='word_1_345' title='bbox 722 3316 806 3384; x_wconf 87' lang='lat' dir='ltr'>parta</span> <span class='ocrx_word' id='word_1_346' title='bbox 824 3305 930 3386; x_wconf 86' lang='lat' dir='ltr'>aliqua,</span> <span class='ocrx_word' id='word_1_347' title='bbox 954 3325 1047 3380; x_wconf 85' lang='lat' dir='ltr'>mens,</span> <span class='ocrx_word' id='word_1_348' title='bbox 1068 3306 1169 3386; x_wconf 83' lang='lat' dir='ltr'>quales</span> <span class='ocrx_word' id='word_1_349' title='bbox 1182 3307 1300 3388; x_wconf 77' lang='lat' dir='ltr'>reliqua</span> 
     </span>
     <span class='ocr_line' id='line_1_38' title="bbox 173 3385 836 3473; baseline -0.003 -24"><span class='ocrx_word' id='word_1_350' title='bbox 173 3400 272 3473; x_wconf 88' lang='lat' dir='ltr'>partes</span> <span class='ocrx_word' id='word_1_351' title='bbox 284 3406 349 3447; x_wconf 90' lang='lat' dir='ltr'>esse</span> <span class='ocrx_word' id='word_1_352' title='bbox 363 3385 499 3456; x_wconf 88' lang='lat' dir='ltr'>debeant,</span> <span class='ocrx_word' id='word_1_353' title='bbox 520 3396 624 3463; x_wconf 85' lang='lat' dir='ltr'>sponte</span> <span class='ocrx_word' id='word_1_354' title='bbox 639 3386 836 3466; x_wconf 89' lang='lat' dir='ltr'>consequitur.</span> 
     </span>
    </p>

    <p class='ocr_par' dir='ltr' id='par_1_10' title="bbox 169 3466 1314 4455">
     <span class='ocr_line' id='line_1_39' title="bbox 216 3466 1300 3550; baseline -0.004 -17"><span class='ocrx_word' id='word_1_355' title='bbox 216 3475 265 3532; x_wconf 90' lang='lat'>10.</span> <span class='ocrx_word' id='word_1_356' title='bbox 286 3468 435 3539; x_wconf 88' lang='lat' dir='ltr'>Secundo,</span> <span class='ocrx_word' id='word_1_357' title='bbox 461 3466 540 3546; x_wconf 92' lang='lat' dir='ltr'>quod</span> <span class='ocrx_word' id='word_1_358' title='bbox 564 3467 669 3526; x_wconf 86' lang='lat' dir='ltr'>attinet</span> <span class='ocrx_word' id='word_1_359' title='bbox 696 3468 735 3527; x_wconf 92' lang='lat' dir='ltr'>ad</span> <span class='ocrx_word' id='word_1_360' title='bbox 761 3488 832 3540; x_wconf 90' lang='lat' dir='ltr'>rem,</span> <span class='ocrx_word' id='word_1_361' title='bbox 858 3469 896 3529; x_wconf 93' lang='lat' dir='ltr'>ad</span> <span class='ocrx_word' id='word_1_362' title='bbox 920 3488 1007 3550; x_wconf 89' lang='lat' dir='ltr'>quam</span> <span class='ocrx_word' id='word_1_363' title='bbox 1032 3469 1227 3530; x_wconf 89' lang='lat' dir='ltr'>definiendam</span> <span class='ocrx_word' id='word_1_364' title='bbox 1250 3471 1300 3531; x_wconf 84' lang='lat' dir='ltr'>lex</span> 
     </span>
     <span class='ocr_line' id='line_1_40' title="bbox 171 3547 1302 3634; baseline -0.004 -19"><span class='ocrx_word' id='word_1_365' title='bbox 171 3563 298 3634; x_wconf 87' lang='lat' dir='ltr'>spectat,</span> <span class='ocrx_word' id='word_1_366' title='bbox 318 3566 505 3613; x_wconf 76' lang='lat' dir='ltr'>saumatam</span> <span class='ocrx_word' id='word_1_367' title='bbox 526 3567 590 3608; x_wconf 89' lang='lat' dir='ltr'>esse</span> <span class='ocrx_word' id='word_1_368' title='bbox 607 3547 704 3627; x_wconf 88' lang='lat' dir='ltr'>legem</span> <span class='ocrx_word' id='word_1_369' title='bbox 723 3569 844 3611; x_wconf 89' lang='lat' dir='ltr'>necesse</span> <span class='ocrx_word' id='word_1_370' title='bbox 862 3562 916 3612; x_wconf 90' lang='lat' dir='ltr'>est.</span> <span class='ocrx_word' id='word_1_371' title='bbox 954 3552 1046 3622; x_wconf 77' lang='lat' dir='ltr'>Quod</span> <span class='ocrx_word' id='word_1_372' title='bbox 1070 3553 1095 3611; x_wconf 85' lang='lat' dir='ltr'>si</span> <span class='ocrx_word' id='word_1_373' title='bbox 1114 3572 1254 3613; x_wconf 90' lang='lat' dir='ltr'>numerus</span> <span class='ocrx_word' id='word_1_374' title='bbox 1273 3552 1302 3611; x_wconf 89' lang='lat' dir='ltr'>in</span> 
     </span>
     <span class='ocr_line' id='line_1_41' title="bbox 172 3628 1302 3713; baseline -0.004 -17"><span class='ocrx_word' id='word_1_375' title='bbox 172 3635 368 3706; x_wconf 90' lang='lat' dir='ltr'>successione,</span> <span class='ocrx_word' id='word_1_376' title='bbox 389 3628 559 3712; x_wconf 88' lang='lat' dir='ltr'>symmetria</span> <span class='ocrx_word' id='word_1_377' title='bbox 571 3629 602 3688; x_wconf 91' lang='lat' dir='ltr'>in</span> <span class='ocrx_word' id='word_1_378' title='bbox 622 3631 816 3694; x_wconf 88' lang='lat' dir='ltr'>continuitate</span> <span class='ocrx_word' id='word_1_379' title='bbox 829 3632 968 3706; x_wconf 85' lang='lat' dir='ltr'>cernitur,</span> <span class='ocrx_word' id='word_1_380' title='bbox 990 3652 1025 3694; x_wconf 89' lang='lat' dir='ltr'>ea</span> <span class='ocrx_word' id='word_1_381' title='bbox 1038 3645 1148 3707; x_wconf 89' lang='lat' dir='ltr'>autem,</span> <span class='ocrx_word' id='word_1_382' title='bbox 1169 3654 1235 3713; x_wconf 87' lang='lat' dir='ltr'>quae</span> <span class='ocrx_word' id='word_1_383' title='bbox 1249 3631 1302 3694; x_wconf 89' lang='lat' dir='ltr'>sibi</span> 
     </span>
     <span class='ocr_line' id='line_1_42' title="bbox 169 3713 1302 3795; baseline 0.001 -18"><span class='ocrx_word' id='word_1_384' title='bbox 169 3717 338 3780; x_wconf 81' lang='lat' dir='ltr'>succedunt</span> <span class='ocrx_word' id='word_1_385' title='bbox 350 3714 397 3774; x_wconf 80' lang='lat' dir='ltr'>ael</span> <span class='ocrx_word' id='word_1_386' title='bbox 405 3713 629 3793; x_wconf 87' lang='lat' dir='ltr'>continuantur,</span> <span class='ocrx_word' id='word_1_387' title='bbox 648 3723 681 3791; x_wconf 88' lang='lat' dir='ltr'>ut</span> <span class='ocrx_word' id='word_1_388' title='bbox 695 3713 769 3786; x_wconf 81' lang='lat' dir='ltr'>soni,</span> <span class='ocrx_word' id='word_1_389' title='bbox 788 3726 897 3790; x_wconf 89' lang='lat' dir='ltr'>motus,</span> <span class='ocrx_word' id='word_1_390' title='bbox 917 3733 1050 3795; x_wconf 90' lang='lat' dir='ltr'>corpora,</span> <span class='ocrx_word' id='word_1_391' title='bbox 1071 3715 1192 3775; x_wconf 87' lang='lat' dir='ltr'>fortuita</span> <span class='ocrx_word' id='word_1_392' title='bbox 1206 3714 1236 3774; x_wconf 91' lang='lat' dir='ltr'>in</span> <span class='ocrx_word' id='word_1_393' title='bbox 1249 3735 1302 3779; x_wconf 75' lang='lat' dir='ltr'>oa·</span> 
     </span>
     <span class='ocr_line' id='line_1_43' title="bbox 172 3795 1303 3877; baseline -0.002 -20"><span class='ocrx_word' id='word_1_394' title='bbox 172 3817 256 3859; x_wconf 87' lang='lat' dir='ltr'>mero</span> <span class='ocrx_word' id='word_1_395' title='bbox 270 3809 301 3859; x_wconf 88' lang='lat' dir='ltr'>et</span> <span class='ocrx_word' id='word_1_396' title='bbox 322 3795 489 3877; x_wconf 84' lang='lat' dir='ltr'>symmetria</span> <span class='ocrx_word' id='word_1_397' title='bbox 502 3806 589 3859; x_wconf 70' lang='lat' dir='ltr'>sunta</span> <span class='ocrx_word' id='word_1_398' title='bbox 609 3795 755 3854; x_wconf 90' lang='lat' dir='ltr'>successio</span> <span class='ocrx_word' id='word_1_399' title='bbox 775 3795 883 3856; x_wconf 79' lang='lat' dir='ltr'>illarel</span> <span class='ocrx_word' id='word_1_400' title='bbox 904 3796 1082 3856; x_wconf 84' lang='lat' dir='ltr'>continuitas</span> <span class='ocrx_word' id='word_1_401' title='bbox 1096 3816 1157 3856; x_wconf 92' lang='lat' dir='ltr'>non</span> <span class='ocrx_word' id='word_1_402' title='bbox 1177 3797 1303 3858; x_wconf 85' lang='lat' dir='ltr'>versabi·</span> 
     </span>
     <span class='ocr_line' id='line_1_44' title="bbox 174 3875 1305 3955; baseline 0.002 -17"><span class='ocrx_word' id='word_1_403' title='bbox 174 3890 223 3938; x_wconf 89' lang='lat' dir='ltr'>tur</span> <span class='ocrx_word' id='word_1_404' title='bbox 237 3879 336 3940; x_wconf 85' lang='lat' dir='ltr'>alisia</span> <span class='ocrx_word' id='word_1_405' title='bbox 350 3897 393 3950; x_wconf 87' lang='lat' dir='ltr'>re,</span> <span class='ocrx_word' id='word_1_406' title='bbox 407 3896 494 3955; x_wconf 89' lang='lat' dir='ltr'>quam</span> <span class='ocrx_word' id='word_1_407' title='bbox 508 3895 573 3955; x_wconf 80' lang='lat' dir='ltr'>quae</span> <span class='ocrx_word' id='word_1_408' title='bbox 586 3875 710 3937; x_wconf 85' lang='lat' dir='ltr'>formam</span> <span class='ocrx_word' id='word_1_409' title='bbox 723 3877 817 3937; x_wconf 89' lang='lat' dir='ltr'>omnis</span> <span class='ocrx_word' id='word_1_410' title='bbox 830 3878 877 3938; x_wconf 88' lang='lat' dir='ltr'>vel</span> <span class='ocrx_word' id='word_1_411' title='bbox 889 3879 1082 3938; x_wconf 88' lang='lat' dir='ltr'>successionis</span> <span class='ocrx_word' id='word_1_412' title='bbox 1099 3878 1145 3938; x_wconf 88' lang='lat' dir='ltr'>vel</span> <span class='ocrx_word' id='word_1_413' title='bbox 1159 3878 1305 3940; x_wconf 88' lang='lat' dir='ltr'>continui·</span> 
     </span>
     <span class='ocr_line' id='line_1_45' title="bbox 174 3957 1305 4031; baseline 0.002 -11"><span class='ocrx_word' id='word_1_414' title='bbox 174 3961 244 4020; x_wconf 87' lang='lat' dir='ltr'>tatis</span> <span class='ocrx_word' id='word_1_415' title='bbox 258 3961 401 4031; x_wconf 90' lang='lat' dir='ltr'>continet,</span> <span class='ocrx_word' id='word_1_416' title='bbox 422 3958 441 4016; x_wconf 94' lang='lat' dir='ltr'>i.</span> <span class='ocrx_word' id='word_1_417' title='bbox 456 3977 482 4018; x_wconf 88' lang='lat' dir='ltr'>e.</span> <span class='ocrx_word' id='word_1_418' title='bbox 496 3957 529 4014; x_wconf 86' lang='lat' dir='ltr'>in</span> <span class='ocrx_word' id='word_1_419' title='bbox 541 3975 696 4019; x_wconf 75' lang='lat' dir='ltr'>rasarone</span> <span class='ocrx_word' id='word_1_420' title='bbox 711 3978 747 4018; x_wconf 89' lang='lat' dir='ltr'>ac</span> <span class='ocrx_word' id='word_1_421' title='bbox 762 3976 890 4020; x_wconf 82' lang='lat' dir='ltr'>sssrro.</span> <span class='ocrx_word' id='word_1_422' title='bbox 922 3960 991 4020; x_wconf 87' lang='lat' dir='ltr'>Jam</span> <span class='ocrx_word' id='word_1_423' title='bbox 1006 3979 1074 4020; x_wconf 90' lang='lat' dir='ltr'>vero</span> <span class='ocrx_word' id='word_1_424' title='bbox 1088 3960 1305 4022; x_wconf 87' lang='lat' dir='ltr'>successionem</span> 
     </span>
     <span class='ocr_line' id='line_1_46' title="bbox 174 4038 1305 4123; baseline 0.003 -23"><span class='ocrx_word' id='word_1_425' title='bbox 174 4041 229 4100; x_wconf 90' lang='lat' dir='ltr'>niti</span> <span class='ocrx_word' id='word_1_426' title='bbox 258 4042 437 4101; x_wconf 88' lang='lat' dir='ltr'>ostendimus</span> <span class='ocrx_word' id='word_1_427' title='bbox 465 4038 629 4099; x_wconf 88' lang='lat' dir='ltr'>efficientia.</span> <span class='ocrx_word' id='word_1_428' title='bbox 670 4040 775 4120; x_wconf 89' lang='lat' dir='ltr'>ltaque</span> <span class='ocrx_word' id='word_1_429' title='bbox 802 4053 935 4123; x_wconf 86' lang='lat' dir='ltr'>tempora</span> <span class='ocrx_word' id='word_1_430' title='bbox 958 4058 1054 4122; x_wconf 71' lang='lat' dir='ltr'>qussi</span> <span class='ocrx_word' id='word_1_431' title='bbox 1080 4042 1143 4123; x_wconf 85' lang='lat' dir='ltr'>ipsa</span> <span class='ocrx_word' id='word_1_432' title='bbox 1169 4061 1230 4101; x_wconf 89' lang='lat' dir='ltr'>non</span> <span class='ocrx_word' id='word_1_433' title='bbox 1254 4061 1305 4103; x_wconf 86' lang='lat' dir='ltr'>co·</span> 
     </span>
     <span class='ocr_line' id='line_1_47' title="bbox 175 4120 1314 4203; baseline 0.003 -21"><span class='ocrx_word' id='word_1_434' title='bbox 175 4125 306 4182; x_wconf 80' lang='lat' dir='ltr'>lraereant</span> <span class='ocrx_word' id='word_1_435' title='bbox 329 4143 382 4200; x_wconf 90' lang='lat' dir='ltr'>per</span> <span class='ocrx_word' id='word_1_436' title='bbox 396 4120 599 4192; x_wconf 86' lang='lat' dir='ltr'>efficientiam,</span> <span class='ocrx_word' id='word_1_437' title='bbox 623 4140 720 4200; x_wconf 89' lang='lat' dir='ltr'>neque</span> <span class='ocrx_word' id='word_1_438' title='bbox 741 4121 800 4181; x_wconf 86' lang='lat' dir='ltr'>¹alia</span> <span class='ocrx_word' id='word_1_439' title='bbox 820 4141 859 4187; x_wconf 84' lang='lat' dir='ltr'>ex</span> <span class='ocrx_word' id='word_1_440' title='bbox 881 4124 944 4184; x_wconf 83' lang='lat' dir='ltr'>aliis</span> <span class='ocrx_word' id='word_1_441' title='bbox 968 4131 1116 4203; x_wconf 88' lang='lat' dir='ltr'>tamquam</span> <span class='ocrx_word' id='word_1_442' title='bbox 1137 4123 1243 4184; x_wconf 89' lang='lat' dir='ltr'>effecta</span> <span class='ocrx_word' id='word_1_443' title='bbox 1266 4143 1314 4191; x_wconf 72' lang='lat' dir='ltr'>ert¹</span> 
     </span>
     <span class='ocr_line' id='line_1_48' title="bbox 172 4202 1307 4285; baseline 0.004 -22"><span class='ocrx_word' id='word_1_444' title='bbox 172 4203 284 4263; x_wconf 86' lang='lat' dir='ltr'>caussis</span> <span class='ocrx_word' id='word_1_445' title='bbox 308 4204 366 4262; x_wconf 91' lang='lat' dir='ltr'>suis</span> <span class='ocrx_word' id='word_1_446' title='bbox 389 4203 551 4283; x_wconf 86' lang='lat' dir='ltr'>prodeant:</span> <span class='ocrx_word' id='word_1_447' title='bbox 579 4202 734 4263; x_wconf 91' lang='lat' dir='ltr'>efficientia</span> <span class='ocrx_word' id='word_1_448' title='bbox 747 4208 819 4277; x_wconf 53' lang='lat' dir='ltr'>:Tuon</span> <span class='ocrx_word' id='word_1_449' title='bbox 841 4217 939 4284; x_wconf 90' lang='lat' dir='ltr'>potest</span> <span class='ocrx_word' id='word_1_450' title='bbox 961 4205 1046 4264; x_wconf 89' lang='lat' dir='ltr'>aliter</span> <span class='ocrx_word' id='word_1_451' title='bbox 1070 4206 1100 4264; x_wconf 90' lang='lat' dir='ltr'>in</span> <span class='ocrx_word' id='word_1_452' title='bbox 1125 4204 1307 4285; x_wconf 84' lang='lat' dir='ltr'>temporibus</span> 
     </span>
     <span class='ocr_line' id='line_1_49' title="bbox 173 4284 1307 4368; baseline 0.001 -23"><span class='ocrx_word' id='word_1_453' title='bbox 173 4286 335 4364; x_wconf 86' lang='lat' dir='ltr'>conspicua</span> <span class='ocrx_word' id='word_1_454' title='bbox 355 4304 428 4360; x_wconf 88' lang='lat' dir='ltr'>esse,</span> <span class='ocrx_word' id='word_1_455' title='bbox 450 4304 538 4366; x_wconf 84' lang='lat' dir='ltr'>quam</span> <span class='ocrx_word' id='word_1_456' title='bbox 557 4284 691 4346; x_wconf 88' lang='lat' dir='ltr'>discretis</span> <span class='ocrx_word' id='word_1_457' title='bbox 715 4304 750 4346; x_wconf 90' lang='lat' dir='ltr'>ea</span> <span class='ocrx_word' id='word_1_458' title='bbox 768 4289 957 4367; x_wconf 78' lang='lat' dir='ltr'>proportione</span> <span class='ocrx_word' id='word_1_459' title='bbox 977 4288 1167 4368; x_wconf 89' lang='lat' dir='ltr'>temporibus,</span> <span class='ocrx_word' id='word_1_460' title='bbox 1188 4307 1255 4367; x_wconf 81' lang='lat' dir='ltr'>quae</span> <span class='ocrx_word' id='word_1_461' title='bbox 1276 4285 1307 4345; x_wconf 92' lang='lat' dir='ltr'>in</span> 
     </span>
     <span class='ocr_line' id='line_1_50' title="bbox 171 4367 1309 4455; baseline 0.002 -24"><span class='ocrx_word' id='word_1_462' title='bbox 171 4367 329 4431; x_wconf 77' lang='lat' dir='ltr'>efficientia</span> <span class='ocrx_word' id='word_1_463' title='bbox 348 4367 426 4427; x_wconf 89' lang='lat' dir='ltr'>inter</span> <span class='ocrx_word' id='word_1_464' title='bbox 446 4386 562 4430; x_wconf 84' lang='lat' dir='ltr'>caussas</span> <span class='ocrx_word' id='word_1_465' title='bbox 581 4380 628 4430; x_wconf 90' lang='lat' dir='ltr'>est</span> <span class='ocrx_word' id='word_1_466' title='bbox 647 4380 736 4455; x_wconf 82' lang='lat' dir='ltr'>atque</span> <span class='ocrx_word' id='word_1_467' title='bbox 750 4367 864 4431; x_wconf 83' lang='lat' dir='ltr'>effecta.</span> <span class='ocrx_word' id='word_1_468' title='bbox 887 4368 958 4452; x_wconf 66' lang='grc' dir='ltr'>Λᾶ</span> <span class='ocrx_word' id='word_1_469' title='bbox 975 4389 1064 4454; x_wconf 88' lang='lat' dir='ltr'>quam</span> <span class='ocrx_word' id='word_1_470' title='bbox 1087 4370 1309 4451; x_wconf 82' lang='lat' dir='ltr'>proportionem</span> 
     </span>
    </p>
   </div>
   <div class='ocr_carea' id='block_1_7' title="bbox 0 0 1357 4866">
    <p class='ocr_par' dir='ltr' id='par_1_11' title="bbox 0 0 1357 4866">
     <span class='ocr_line' id='line_1_51' title="bbox 0 0 1357 4866; baseline 0 0"><span class='ocrx_word' id='word_1_471' title='bbox 0 0 1357 4866; x_wconf 95' lang='lat' dir='ltr'> </span> 
     </span>
    </p>
   </div>
  </div>
 </body>
</html>
