<?xml version="1.0" encoding="UTF-8"?>
<!DOCTYPE html PUBLIC "-//W3C//DTD XHTML 1.0 Transitional//EN"
    "http://www.w3.org/TR/xhtml1/DTD/xhtml1-transitional.dtd">
<html xmlns="http://www.w3.org/1999/xhtml" xml:lang="en" lang="en">
 <head>
  <title>
</title>
<meta http-equiv="Content-Type" content="text/html;charset=utf-8" />
  <meta name='ocr-system' content='tesseract 3.04.00' />
  <meta name='ocr-capabilities' content='ocr_page ocr_carea ocr_par ocr_line ocrx_word'/>
</head>
<body>
  <div class='ocr_page' id='page_1' title='image "./elementadoctrin00hermgoog_0367.png"; bbox 0 0 2694 4866; ppageno 0'>
   <div class='ocr_carea' id='block_1_1' title="bbox 108 265 804 333">
    <p class='ocr_par' dir='ltr' id='par_1_1' title="bbox 108 265 804 333">
     <span class='ocr_line' id='line_1_1' title="bbox 108 265 804 333; baseline -0.003 -3"><span class='ocrx_word' id='word_1_1' title='bbox 108 274 169 333; x_wconf 67' lang='lat'>884</span> <span class='ocrx_word' id='word_1_2' title='bbox 468 267 549 333; x_wconf 83' lang='lat' dir='ltr'><strong>LIB.</strong></span> <span class='ocrx_word' id='word_1_3' title='bbox 569 269 628 330; x_wconf 92' lang='lat'>111.</span> <span class='ocrx_word' id='word_1_4' title='bbox 649 267 747 330; x_wconf 68' lang='lat' dir='ltr'>cae·</span> <span class='ocrx_word' id='word_1_5' title='bbox 760 265 804 328; x_wconf 91' lang='lat'>11.</span> 
     </span>
    </p>
   </div>
   <div class='ocr_carea' id='block_1_2' title="bbox 190 470 599 858">
    <p class='ocr_par' dir='ltr' id='par_1_2' title="bbox 190 470 520 635">
     <span class='ocr_line' id='line_1_2' title="bbox 190 470 520 554; baseline -0.003 -22"><span class='ocrx_word' id='word_1_6' title='bbox 190 470 308 554; x_wconf 64' lang='lat' dir='ltr'>&gt;origam</span> <span class='ocrx_word' id='word_1_7' title='bbox 322 470 383 533; x_wconf 56' lang='grc' dir='ltr'>ὕπ’</span> <span class='ocrx_word' id='word_1_8' title='bbox 398 472 436 544; x_wconf 74' lang='grc' dir='ltr'>ἔφ’</span> <span class='ocrx_word' id='word_1_9' title='bbox 450 472 520 532; x_wconf 78' lang='lat' dir='ltr'>i&#39;mrrr</span> 
     </span>
     <span class='ocr_line' id='line_1_3' title="bbox 191 555 497 635; baseline 0.003 -24"><span class='ocrx_word' id='word_1_10' title='bbox 191 558 262 612; x_wconf 66' lang='lat' dir='ltr'>aava</span> <span class='ocrx_word' id='word_1_11' title='bbox 275 555 318 627; x_wconf 69' lang='grc' dir='ltr'>μὶν</span> <span class='ocrx_word' id='word_1_12' title='bbox 331 555 497 635; x_wconf 66' lang='grc' dir='ltr'>βςνμνῖνμινον,</span> 
     </span>
    </p>

    <p class='ocr_par' dir='ltr' id='par_1_3' title="bbox 191 633 599 858">
     <span class='ocr_line' id='line_1_4' title="bbox 191 633 462 716; baseline 0 -23"><span class='ocrx_word' id='word_1_13' title='bbox 191 634 265 693; x_wconf 64' lang='lat' dir='ltr'>sibor</span> <span class='ocrx_word' id='word_1_14' title='bbox 279 633 302 694; x_wconf 66' lang='grc' dir='ltr'>δ’</span> <span class='ocrx_word' id='word_1_15' title='bbox 314 636 462 716; x_wconf 58' lang='lat' dir='ltr'>iveri-Sopor,</span> 
     </span>
     <span class='ocr_line' id='line_1_5' title="bbox 192 712 599 795; baseline -0.002 -21"><span class='ocrx_word' id='word_1_16' title='bbox 192 719 316 795; x_wconf 66' lang='grc' dir='ltr'><em>πςοφνννὶνς</em></span> <span class='ocrx_word' id='word_1_17' title='bbox 332 726 432 777; x_wconf 64' lang='lat' dir='ltr'>ravat</span> <span class='ocrx_word' id='word_1_18' title='bbox 444 714 469 777; x_wconf 54' lang='grc' dir='ltr'>ἵν</span> <span class='ocrx_word' id='word_1_19' title='bbox 481 743 518 782; x_wconf 76' lang='grc' dir='ltr'>τις</span> <span class='ocrx_word' id='word_1_20' title='bbox 534 712 599 795; x_wconf 59' lang='grc' dir='ltr'>ᾅδων</span> 
     </span>
     <span class='ocr_line' id='line_1_6' title="bbox 192 795 431 858; baseline 0 -3"><span class='ocrx_word' id='word_1_21' title='bbox 192 795 304 855; x_wconf 69' lang='lat' dir='ltr'>maiano</span> <span class='ocrx_word' id='word_1_22' title='bbox 319 795 431 858; x_wconf 62' lang='lat' dir='ltr'>dorcium.</span> 
     </span>
    </p>
   </div>
   <div class='ocr_carea' id='block_1_3' title="bbox 95 925 1249 2305">
    <p class='ocr_par' dir='ltr' id='par_1_4' title="bbox 95 925 1249 2305">
     <span class='ocr_line' id='line_1_7' title="bbox 114 925 1223 1007; baseline 0.003 -22"><span class='ocrx_word' id='word_1_23' title='bbox 114 927 223 987; x_wconf 83' lang='lat' dir='ltr'>Versus</span> <span class='ocrx_word' id='word_1_24' title='bbox 236 927 300 1000; x_wconf 86' lang='lat' dir='ltr'>hos,</span> <span class='ocrx_word' id='word_1_25' title='bbox 315 948 388 1007; x_wconf 92' lang='lat' dir='ltr'>quos</span> <span class='ocrx_word' id='word_1_26' title='bbox 402 930 489 988; x_wconf 89' lang='lat' dir='ltr'>etiam</span> <span class='ocrx_word' id='word_1_27' title='bbox 503 927 672 986; x_wconf 80' lang='lat' dir='ltr'><strong>scholiastes</strong></span> <span class='ocrx_word' id='word_1_28' title='bbox 685 927 727 985; x_wconf 91' lang='lat' dir='ltr'>sic</span> <span class='ocrx_word' id='word_1_29' title='bbox 741 925 864 1004; x_wconf 90' lang='lat' dir='ltr'>scriptos</span> <span class='ocrx_word' id='word_1_30' title='bbox 878 935 908 985; x_wconf 90' lang='lat' dir='ltr'>et</span> <span class='ocrx_word' id='word_1_31' title='bbox 921 926 1077 1005; x_wconf 87' lang='lat' dir='ltr'>dispositos</span> <span class='ocrx_word' id='word_1_32' title='bbox 1091 928 1223 1007; x_wconf 79' lang='lat' dir='ltr'>agnoscit,</span> 
     </span>
     <span class='ocr_line' id='line_1_8' title="bbox 114 1006 1222 1086; baseline 0.001 -18"><span class='ocrx_word' id='word_1_33' title='bbox 114 1028 201 1068; x_wconf 92' lang='lat' dir='ltr'>nemo</span> <span class='ocrx_word' id='word_1_34' title='bbox 224 1028 309 1067; x_wconf 89' lang='lat' dir='ltr'>sanus</span> <span class='ocrx_word' id='word_1_35' title='bbox 329 1009 501 1079; x_wconf 86' lang='lat' dir='ltr'><strong>adducetur,</strong></span> <span class='ocrx_word' id='word_1_36' title='bbox 524 1023 556 1068; x_wconf 89' lang='lat' dir='ltr'>ut</span> <span class='ocrx_word' id='word_1_37' title='bbox 577 1009 614 1067; x_wconf 91' lang='lat' dir='ltr'>ab</span> <span class='ocrx_word' id='word_1_38' title='bbox 636 1007 845 1085; x_wconf 82' lang='lat' dir='ltr'>Hephaestione</span> <span class='ocrx_word' id='word_1_39' title='bbox 865 1026 917 1085; x_wconf 90' lang='lat' dir='ltr'>pro</span> <span class='ocrx_word' id='word_1_40' title='bbox 938 1006 1100 1086; x_wconf 87' lang='lat' dir='ltr'>Glycooeis</span> <span class='ocrx_word' id='word_1_41' title='bbox 1121 1010 1222 1070; x_wconf 79' lang='lat' dir='ltr'>habitos</span> 
     </span>
     <span class='ocr_line' id='line_1_9' title="bbox 113 1087 1223 1166; baseline 0.001 -17"><span class='ocrx_word' id='word_1_42' title='bbox 113 1092 224 1151; x_wconf 86' lang='lat' dir='ltr'>credat.</span> <span class='ocrx_word' id='word_1_43' title='bbox 258 1090 332 1150; x_wconf 87' lang='lat' dir='ltr'><strong>Cod.</strong></span> <span class='ocrx_word' id='word_1_44' title='bbox 348 1092 487 1151; x_wconf 88' lang='lat' dir='ltr'>Cantabr.</span> <span class='ocrx_word' id='word_1_45' title='bbox 505 1098 550 1151; x_wconf 74' lang='lat' dir='ltr'>sal</span> <span class='ocrx_word' id='word_1_46' title='bbox 570 1094 603 1149; x_wconf 68' lang='lat' dir='ltr'>sal</span> <span class='ocrx_word' id='word_1_47' title='bbox 621 1092 664 1165; x_wconf 76' lang='grc' dir='ltr'>μὲν</span> <span class='ocrx_word' id='word_1_48' title='bbox 684 1103 703 1159; x_wconf 82' lang='grc' dir='ltr'><strong><em>β</em></strong></span> <span class='ocrx_word' id='word_1_49' title='bbox 720 1091 836 1166; x_wconf 61' lang='lat' dir='ltr'>apiario.</span> <span class='ocrx_word' id='word_1_50' title='bbox 876 1087 933 1147; x_wconf 89' lang='lat' dir='ltr'>Pro</span> <span class='ocrx_word' id='word_1_51' title='bbox 956 1090 1089 1149; x_wconf 89' lang='lat' dir='ltr'>Turnebi</span> <span class='ocrx_word' id='word_1_52' title='bbox 1109 1090 1223 1151; x_wconf 80' lang='lat' dir='ltr'>lectione</span> 
     </span>
     <span class='ocr_line' id='line_1_10' title="bbox 112 1168 1222 1252; baseline 0.001 -21"><span class='ocrx_word' id='word_1_53' title='bbox 112 1181 213 1232; x_wconf 75' lang='grc' dir='ltr'>Γλιννιοῢ</span> <span class='ocrx_word' id='word_1_54' title='bbox 228 1171 318 1230; x_wconf 85' lang='lat' dir='ltr'><strong>MSS.</strong></span> <span class='ocrx_word' id='word_1_55' title='bbox 338 1173 458 1245; x_wconf 66' lang='lat' dir='ltr'>paciaco.</span> <span class='ocrx_word' id='word_1_56' title='bbox 504 1174 561 1231; x_wconf 77' lang='lat' dir='ltr'>I‘ro</span> <span class='ocrx_word' id='word_1_57' title='bbox 580 1170 682 1252; x_wconf 65' lang='lat' dir='ltr'>{lisso</span> <span class='ocrx_word' id='word_1_58' title='bbox 723 1213 731 1229; x_wconf 87' lang='lat'><strong>.</strong></span> <span class='ocrx_word' id='word_1_59' title='bbox 754 1170 891 1229; x_wconf 77' lang='lat' dir='ltr'>cantabr.</span> <span class='ocrx_word' id='word_1_60' title='bbox 910 1168 1003 1238; x_wconf 62' lang='lat' dir='ltr'>ardes,</span> <span class='ocrx_word' id='word_1_61' title='bbox 1026 1171 1094 1231; x_wconf 89' lang='lat' dir='ltr'>cod.</span> <span class='ocrx_word' id='word_1_62' title='bbox 1116 1174 1222 1232; x_wconf 81' lang='lat' dir='ltr'>Monac.</span> 
     </span>
     <span class='ocr_line' id='line_1_11' title="bbox 114 1250 1220 1331; baseline 0 -19"><span class='ocrx_word' id='word_1_63' title='bbox 114 1252 202 1319; x_wconf 66' lang='grc' dir='ltr'>ἄνδὺν.</span> <span class='ocrx_word' id='word_1_64' title='bbox 224 1253 278 1313; x_wconf 90' lang='lat' dir='ltr'>Ed.</span> <span class='ocrx_word' id='word_1_65' title='bbox 294 1256 427 1331; x_wconf 85' lang='lat' dir='ltr'>princeps</span> <span class='ocrx_word' id='word_1_66' title='bbox 441 1264 538 1312; x_wconf 88' lang='lat' dir='ltr'>autem</span> <span class='ocrx_word' id='word_1_67' title='bbox 552 1252 615 1311; x_wconf 84' lang='lat' dir='ltr'>baec</span> <span class='ocrx_word' id='word_1_68' title='bbox 630 1252 670 1311; x_wconf 91' lang='lat' dir='ltr'>ita</span> <span class='ocrx_word' id='word_1_69' title='bbox 689 1252 790 1312; x_wconf 85' lang='lat' dir='ltr'>habet:</span> <span class='ocrx_word' id='word_1_70' title='bbox 811 1250 946 1326; x_wconf 70' lang='grc' dir='ltr'>γλουνιννδὲ</span> <span class='ocrx_word' id='word_1_71' title='bbox 959 1279 996 1320; x_wconf 77' lang='grc' dir='ltr'>τις</span> <span class='ocrx_word' id='word_1_72' title='bbox 1007 1250 1083 1313; x_wconf 61' lang='lat' dir='ltr'>albis</span> <span class='ocrx_word' id='word_1_73' title='bbox 1097 1255 1220 1314; x_wconf 65' lang='lat' dir='ltr'>maiascus.</span> 
     </span>
     <span class='ocr_line' id='line_1_12' title="bbox 114 1330 1222 1417; baseline -0.001 -25"><span class='ocrx_word' id='word_1_74' title='bbox 114 1330 228 1393; x_wconf 65' lang='lat' dir='ltr'>dorsis-ar.</span> <span class='ocrx_word' id='word_1_75' title='bbox 249 1334 322 1393; x_wconf 88' lang='lat' dir='ltr'><strong>Cod.</strong></span> <span class='ocrx_word' id='word_1_76' title='bbox 340 1334 403 1395; x_wconf 79' lang='lat' dir='ltr'>Pal.</span> <span class='ocrx_word' id='word_1_77' title='bbox 417 1337 578 1417; x_wconf 62' lang='lat' dir='ltr'>tingamus,</span> <span class='ocrx_word' id='word_1_78' title='bbox 591 1346 621 1392; x_wconf 86' lang='lat' dir='ltr'>et</span> <span class='ocrx_word' id='word_1_79' title='bbox 635 1333 722 1406; x_wconf 57' lang='lat' dir='ltr'>aba»,</span> <span class='ocrx_word' id='word_1_80' title='bbox 737 1345 766 1392; x_wconf 84' lang='lat' dir='ltr'>et</span> <span class='ocrx_word' id='word_1_81' title='bbox 780 1344 908 1394; x_wconf 64' lang='lat' dir='ltr'>mamam</span> <span class='ocrx_word' id='word_1_82' title='bbox 920 1333 1019 1392; x_wconf 85' lang='lat' dir='ltr'>babet.</span> <span class='ocrx_word' id='word_1_83' title='bbox 1061 1333 1222 1394; x_wconf 73' lang='lat' dir='ltr'>venustissi-</span> 
     </span>
     <span class='ocr_line' id='line_1_13' title="bbox 114 1415 1220 1494; baseline 0.003 -23"><span class='ocrx_word' id='word_1_84' title='bbox 114 1433 193 1473; x_wconf 91' lang='lat' dir='ltr'>mum</span> <span class='ocrx_word' id='word_1_85' title='bbox 214 1415 420 1492; x_wconf 82' lang='lat' dir='ltr'>fragmentum,</span> <span class='ocrx_word' id='word_1_86' title='bbox 441 1420 518 1494; x_wconf 92' lang='lat' dir='ltr'>quod</span> <span class='ocrx_word' id='word_1_87' title='bbox 539 1415 617 1473; x_wconf 85' lang='lat' dir='ltr'>soede</span> <span class='ocrx_word' id='word_1_88' title='bbox 638 1426 806 1494; x_wconf 90' lang='lat' dir='ltr'>corruptum</span> <span class='ocrx_word' id='word_1_89' title='bbox 830 1434 892 1473; x_wconf 90' lang='lat' dir='ltr'>esse</span> <span class='ocrx_word' id='word_1_90' title='bbox 916 1424 1049 1492; x_wconf 88' lang='lat' dir='ltr'>apparet,</span> <span class='ocrx_word' id='word_1_91' title='bbox 1071 1434 1131 1474; x_wconf 90' lang='lat' dir='ltr'>non</span> <span class='ocrx_word' id='word_1_92' title='bbox 1151 1427 1220 1494; x_wconf 89' lang='lat' dir='ltr'>poto,</span> 
     </span>
     <span class='ocr_line' id='line_1_14' title="bbox 115 1495 1220 1575; baseline 0.001 -22"><span class='ocrx_word' id='word_1_93' title='bbox 115 1495 359 1571; x_wconf 84' lang='lat' dir='ltr'><strong>quemadmodum</strong></span> <span class='ocrx_word' id='word_1_94' title='bbox 381 1497 522 1557; x_wconf 89' lang='lat' dir='ltr'>Dorvillio</span> <span class='ocrx_word' id='word_1_95' title='bbox 544 1497 634 1554; x_wconf 88' lang='lat' dir='ltr'>visum</span> <span class='ocrx_word' id='word_1_96' title='bbox 655 1508 709 1567; x_wconf 91' lang='lat' dir='ltr'>est,</span> <span class='ocrx_word' id='word_1_97' title='bbox 731 1495 767 1554; x_wconf 93' lang='lat' dir='ltr'>de</span> <span class='ocrx_word' id='word_1_98' title='bbox 788 1515 863 1575; x_wconf 88' lang='lat' dir='ltr'>equo</span> <span class='ocrx_word' id='word_1_99' title='bbox 886 1498 1013 1573; x_wconf 87' lang='lat' dir='ltr'>Trojano</span> <span class='ocrx_word' id='word_1_100' title='bbox 1033 1497 1220 1575; x_wconf 88' lang='lat' dir='ltr'>accipiendum</span> 
     </span>
     <span class='ocr_line' id='line_1_15' title="bbox 117 1576 1221 1656; baseline 0.002 -23"><span class='ocrx_word' id='word_1_101' title='bbox 117 1594 191 1644; x_wconf 84' lang='lat' dir='ltr'>esse,</span> <span class='ocrx_word' id='word_1_102' title='bbox 205 1576 308 1645; x_wconf 87' lang='lat' dir='ltr'>sedda</span> <span class='ocrx_word' id='word_1_103' title='bbox 322 1579 403 1648; x_wconf 91' lang='lat' dir='ltr'>urbe,</span> <span class='ocrx_word' id='word_1_104' title='bbox 419 1578 570 1656; x_wconf 86' lang='lat' dir='ltr'>repentino</span> <span class='ocrx_word' id='word_1_105' title='bbox 584 1577 694 1656; x_wconf 91' lang='lat' dir='ltr'>impetu</span> <span class='ocrx_word' id='word_1_106' title='bbox 709 1576 839 1654; x_wconf 91' lang='lat' dir='ltr'>equitum</span> <span class='ocrx_word' id='word_1_107' title='bbox 861 1588 954 1655; x_wconf 81' lang='lat' dir='ltr'>capta</span> <span class='ocrx_word' id='word_1_108' title='bbox 997 1577 1138 1651; x_wconf 81' lang='lat' dir='ltr'>Corinna,</span> <span class='ocrx_word' id='word_1_109' title='bbox 1151 1578 1221 1636; x_wconf 83' lang='lat' dir='ltr'>rebus</span> 
     </span>
     <span class='ocr_line' id='line_1_16' title="bbox 115 1656 1222 1735; baseline 0.003 -22"><span class='ocrx_word' id='word_1_110' title='bbox 115 1656 227 1735; x_wconf 89' lang='lat' dir='ltr'>patriis,</span> <span class='ocrx_word' id='word_1_111' title='bbox 242 1671 274 1718; x_wconf 94' lang='lat' dir='ltr'>ut</span> <span class='ocrx_word' id='word_1_112' title='bbox 289 1658 412 1731; x_wconf 89' lang='lat' dir='ltr'>videtur,</span> <span class='ocrx_word' id='word_1_113' title='bbox 427 1657 510 1718; x_wconf 88' lang='lat' dir='ltr'>valde</span> <span class='ocrx_word' id='word_1_114' title='bbox 524 1659 679 1730; x_wconf 88' lang='lat' dir='ltr'>delectata,</span> <span class='ocrx_word' id='word_1_115' title='bbox 698 1677 814 1717; x_wconf 89' lang='lat' dir='ltr'>carmen</span> <span class='ocrx_word' id='word_1_116' title='bbox 835 1658 958 1735; x_wconf 79' lang='lat' dir='ltr'>scripsit,</span> <span class='ocrx_word' id='word_1_117' title='bbox 980 1658 1028 1716; x_wconf 90' lang='lat' dir='ltr'>cui</span> <span class='ocrx_word' id='word_1_118' title='bbox 1049 1678 1157 1718; x_wconf 89' lang='lat' dir='ltr'>nomen</span> <span class='ocrx_word' id='word_1_119' title='bbox 1173 1658 1222 1716; x_wconf 83' lang='lat' dir='ltr'>fao·</span> 
     </span>
     <span class='ocr_line' id='line_1_17' title="bbox 95 1737 1249 1818; baseline 0.004 -24"><span class='ocrx_word' id='word_1_120' title='bbox 95 1782 100 1793; x_wconf 95' lang='lat'><em>.</em></span> <span class='ocrx_word' id='word_1_121' title='bbox 116 1750 179 1796; x_wconf 90' lang='lat' dir='ltr'>tum</span> <span class='ocrx_word' id='word_1_122' title='bbox 194 1751 238 1797; x_wconf 87' lang='lat' dir='ltr'>est</span> <span class='ocrx_word' id='word_1_123' title='bbox 252 1744 412 1808; x_wconf 69' lang='grc' dir='ltr'>νιτνέπλνυς.</span> <span class='ocrx_word' id='word_1_124' title='bbox 454 1743 487 1800; x_wconf 91' lang='lat' dir='ltr'>ln</span> <span class='ocrx_word' id='word_1_125' title='bbox 502 1760 538 1799; x_wconf 90' lang='lat' dir='ltr'>eo</span> <span class='ocrx_word' id='word_1_126' title='bbox 552 1740 689 1810; x_wconf 86' lang='lat' dir='ltr'>carmine,</span> <span class='ocrx_word' id='word_1_127' title='bbox 704 1740 758 1796; x_wconf 91' lang='lat' dir='ltr'>nisi</span> <span class='ocrx_word' id='word_1_128' title='bbox 772 1738 865 1811; x_wconf 87' lang='lat' dir='ltr'>fallor,</span> <span class='ocrx_word' id='word_1_129' title='bbox 880 1737 1099 1817; x_wconf 86' lang='lat' dir='ltr'>expeditionem</span> <span class='ocrx_word' id='word_1_130' title='bbox 1111 1739 1221 1818; x_wconf 85' lang='lat' dir='ltr'>descrip-</span> <span class='ocrx_word' id='word_1_131' title='bbox 1246 1780 1249 1785; x_wconf 93' lang='lat'>-</span> 
     </span>
     <span class='ocr_line' id='line_1_18' title="bbox 114 1818 1222 1900; baseline 0.001 -23"><span class='ocrx_word' id='word_1_132' title='bbox 114 1818 162 1890; x_wconf 83' lang='lat' dir='ltr'>sit,</span> <span class='ocrx_word' id='word_1_133' title='bbox 178 1839 234 1898; x_wconf 88' lang='lat' dir='ltr'>qua</span> <span class='ocrx_word' id='word_1_134' title='bbox 250 1820 345 1880; x_wconf 86' lang='lat' dir='ltr'><strong>Iolaus</strong></span> <span class='ocrx_word' id='word_1_135' title='bbox 361 1821 539 1900; x_wconf 84' lang='lat' dir='ltr'>Thespiadas</span> <span class='ocrx_word' id='word_1_136' title='bbox 553 1823 581 1879; x_wconf 92' lang='lat' dir='ltr'>in</span> <span class='ocrx_word' id='word_1_137' title='bbox 599 1821 759 1880; x_wconf 86' lang='lat' dir='ltr'>Sardiniam</span> <span class='ocrx_word' id='word_1_138' title='bbox 773 1819 914 1891; x_wconf 88' lang='lat' dir='ltr'>traduxit,</span> <span class='ocrx_word' id='word_1_139' title='bbox 933 1820 1033 1897; x_wconf 90' lang='lat' dir='ltr'>ibique</span> <span class='ocrx_word' id='word_1_140' title='bbox 1052 1820 1173 1881; x_wconf 84' lang='lat' dir='ltr'>devictis</span> <span class='ocrx_word' id='word_1_141' title='bbox 1188 1821 1222 1878; x_wconf 90' lang='lat' dir='ltr'>iu·</span> 
     </span>
     <span class='ocr_line' id='line_1_19' title="bbox 116 1899 1221 1980; baseline 0.003 -24"><span class='ocrx_word' id='word_1_142' title='bbox 116 1899 230 1977; x_wconf 80' lang='lat' dir='ltr'>digenis</span> <span class='ocrx_word' id='word_1_143' title='bbox 243 1903 326 1962; x_wconf 88' lang='lat' dir='ltr'>sedes</span> <span class='ocrx_word' id='word_1_144' title='bbox 341 1904 447 1961; x_wconf 87' lang='lat' dir='ltr'>tenuit:</span> <span class='ocrx_word' id='word_1_145' title='bbox 470 1902 519 1980; x_wconf 93' lang='lat' dir='ltr'>qui</span> <span class='ocrx_word' id='word_1_146' title='bbox 533 1903 628 1961; x_wconf 89' lang='lat' dir='ltr'>coloni</span> <span class='ocrx_word' id='word_1_147' title='bbox 642 1904 746 1968; x_wconf 58' lang='lat' dir='ltr'>&#39;lanaria</span> <span class='ocrx_word' id='word_1_148' title='bbox 761 1902 805 1959; x_wconf 93' lang='lat' dir='ltr'>vel</span> <span class='ocrx_word' id='word_1_149' title='bbox 818 1902 932 1962; x_wconf 69' lang='lat' dir='ltr'>&#39;landum</span> <span class='ocrx_word' id='word_1_150' title='bbox 942 1913 1044 1980; x_wconf 91' lang='lat' dir='ltr'>postea</span> <span class='ocrx_word' id='word_1_151' title='bbox 1055 1903 1150 1962; x_wconf 89' lang='lat' dir='ltr'>vocati</span> <span class='ocrx_word' id='word_1_152' title='bbox 1160 1912 1221 1960; x_wconf 85' lang='lat' dir='ltr'>suot</span> 
     </span>
     <span class='ocr_line' id='line_1_20' title="bbox 119 1982 1222 2060; baseline -0.001 -22"><span class='ocrx_word' id='word_1_153' title='bbox 119 1982 195 2041; x_wconf 88' lang='lat' dir='ltr'>Vide</span> <span class='ocrx_word' id='word_1_154' title='bbox 217 1984 429 2060; x_wconf 88' lang='lat' dir='ltr'>Apollodorum</span> <span class='ocrx_word' id='word_1_155' title='bbox 450 1983 490 2041; x_wconf 94' lang='grc' dir='ltr'>ΙΙ.</span> <span class='ocrx_word' id='word_1_156' title='bbox 512 1989 541 2055; x_wconf 85' lang='grc'>7,</span> <span class='ocrx_word' id='word_1_157' title='bbox 562 1989 591 2044; x_wconf 87' lang='grc'>6.</span> <span class='ocrx_word' id='word_1_158' title='bbox 634 1982 796 2043; x_wconf 91' lang='lat' dir='ltr'>Diodorum</span> <span class='ocrx_word' id='word_1_159' title='bbox 822 1982 951 2042; x_wconf 86' lang='lat' dir='ltr'>Siculum</span> <span class='ocrx_word' id='word_1_160' title='bbox 975 1982 1029 2043; x_wconf 84' lang='lat' dir='ltr'>lv.</span> <span class='ocrx_word' id='word_1_161' title='bbox 1053 1990 1105 2045; x_wconf 70' lang='lat'>29.</span> <span class='ocrx_word' id='word_1_162' title='bbox 1132 1984 1166 2043; x_wconf 87' lang='lat' dir='ltr'>V.</span> <span class='ocrx_word' id='word_1_163' title='bbox 1185 1989 1222 2046; x_wconf 81' lang='lat'>15.</span> 
     </span>
     <span class='ocr_line' id='line_1_21' title="bbox 117 2062 1221 2146; baseline 0 -26"><span class='ocrx_word' id='word_1_164' title='bbox 117 2062 289 2122; x_wconf 85' lang='lat' dir='ltr'>Pausaniam</span> <span class='ocrx_word' id='word_1_165' title='bbox 307 2066 374 2125; x_wconf 86' lang='lat' dir='ltr'>Vll.</span> <span class='ocrx_word' id='word_1_166' title='bbox 388 2071 417 2136; x_wconf 92' lang='grc'>2,</span> <span class='ocrx_word' id='word_1_167' title='bbox 434 2070 462 2125; x_wconf 91' lang='grc'>2.</span> <span class='ocrx_word' id='word_1_168' title='bbox 477 2065 514 2124; x_wconf 91' lang='lat' dir='ltr'>X.</span> <span class='ocrx_word' id='word_1_169' title='bbox 531 2070 578 2136; x_wconf 88' lang='lat'>17,</span> <span class='ocrx_word' id='word_1_170' title='bbox 594 2071 622 2126; x_wconf 76' lang='lat'>4.</span> <span class='ocrx_word' id='word_1_171' title='bbox 659 2065 829 2123; x_wconf 90' lang='lat' dir='ltr'>Strabonem</span> <span class='ocrx_word' id='word_1_172' title='bbox 853 2064 886 2120; x_wconf 92' lang='lat' dir='ltr'>V.</span> <span class='ocrx_word' id='word_1_173' title='bbox 907 2084 937 2142; x_wconf 86' lang='lat' dir='ltr'>p.</span> <span class='ocrx_word' id='word_1_174' title='bbox 959 2068 1030 2124; x_wconf 84' lang='grc'><strong>225.</strong></span> <span class='ocrx_word' id='word_1_175' title='bbox 1048 2064 1154 2146; x_wconf 75' lang='lat'>(344)</span> <span class='ocrx_word' id='word_1_176' title='bbox 1183 2064 1221 2122; x_wconf 81' lang='lat' dir='ltr'>Ex</span> 
     </span>
     <span class='ocr_line' id='line_1_22' title="bbox 118 2144 1222 2225; baseline 0.003 -23"><span class='ocrx_word' id='word_1_177' title='bbox 118 2162 155 2202; x_wconf 91' lang='lat' dir='ltr'>eo</span> <span class='ocrx_word' id='word_1_178' title='bbox 169 2145 295 2204; x_wconf 86' lang='lat' dir='ltr'>carmine</span> <span class='ocrx_word' id='word_1_179' title='bbox 309 2146 429 2205; x_wconf 89' lang='lat' dir='ltr'>fortasse</span> <span class='ocrx_word' id='word_1_180' title='bbox 443 2147 506 2204; x_wconf 84' lang='lat' dir='ltr'>baec</span> <span class='ocrx_word' id='word_1_181' title='bbox 520 2144 626 2220; x_wconf 91' lang='lat' dir='ltr'>omnia,</span> <span class='ocrx_word' id='word_1_182' title='bbox 640 2165 705 2224; x_wconf 85' lang='lat' dir='ltr'>quae</span> <span class='ocrx_word' id='word_1_183' title='bbox 718 2145 767 2204; x_wconf 88' lang='lat' dir='ltr'>hic</span> <span class='ocrx_word' id='word_1_184' title='bbox 780 2144 863 2204; x_wconf 88' lang='lat' dir='ltr'>affert</span> <span class='ocrx_word' id='word_1_185' title='bbox 877 2144 1059 2224; x_wconf 76' lang='lat' dir='ltr'>Hephaestio,</span> <span class='ocrx_word' id='word_1_186' title='bbox 1076 2146 1222 2225; x_wconf 79' lang='lat' dir='ltr'>fragmenta</span> 
     </span>
     <span class='ocr_line' id='line_1_23' title="bbox 119 2226 598 2305; baseline 0.006 -21"><span class='ocrx_word' id='word_1_187' title='bbox 119 2226 271 2305; x_wconf 90' lang='lat' dir='ltr'>desumpta</span> <span class='ocrx_word' id='word_1_188' title='bbox 284 2240 369 2297; x_wconf 92' lang='lat' dir='ltr'>sunt;</span> <span class='ocrx_word' id='word_1_189' title='bbox 390 2227 427 2286; x_wconf 90' lang='lat' dir='ltr'>de</span> <span class='ocrx_word' id='word_1_190' title='bbox 442 2228 491 2286; x_wconf 91' lang='lat' dir='ltr'>illo</span> <span class='ocrx_word' id='word_1_191' title='bbox 506 2239 598 2300; x_wconf 86' lang='lat' dir='ltr'>certe,</span> 
     </span>
    </p>
   </div>
   <div class='ocr_carea' id='block_1_4' title="bbox 197 2363 541 2438">
    <p class='ocr_par' dir='ltr' id='par_1_5' title="bbox 197 2363 541 2438">
     <span class='ocr_line' id='line_1_24' title="bbox 197 2363 541 2438; baseline -0.003 -15"><span class='ocrx_word' id='word_1_192' title='bbox 197 2368 242 2423; x_wconf 72' lang='lat' dir='ltr'>mi</span> <span class='ocrx_word' id='word_1_193' title='bbox 257 2363 395 2428; x_wconf 62' lang='grc' dir='ltr'>πεντήκονθ’</span> <span class='ocrx_word' id='word_1_194' title='bbox 409 2363 541 2438; x_wconf 59' lang='lat' dir='ltr'>oldrado,</span> 
     </span>
    </p>
   </div>
   <div class='ocr_carea' id='block_1_5' title="bbox 50 2496 1263 3144">
    <p class='ocr_par' dir='ltr' id='par_1_6' title="bbox 50 2496 1263 3144">
     <span class='ocr_line' id='line_1_25' title="bbox 120 2496 1220 2577; baseline 0 -23"><span class='ocrx_word' id='word_1_195' title='bbox 120 2497 309 2555; x_wconf 85' lang='lat' dir='ltr'>tantominus</span> <span class='ocrx_word' id='word_1_196' title='bbox 324 2498 462 2563; x_wconf 89' lang='lat' dir='ltr'>dubitem,</span> <span class='ocrx_word' id='word_1_197' title='bbox 478 2498 556 2575; x_wconf 93' lang='lat' dir='ltr'>quod</span> <span class='ocrx_word' id='word_1_198' title='bbox 570 2497 780 2577; x_wconf 88' lang='lat' dir='ltr'>quinquaginta</span> <span class='ocrx_word' id='word_1_199' title='bbox 793 2516 914 2556; x_wconf 90' lang='lat' dir='ltr'>numero</span> <span class='ocrx_word' id='word_1_200' title='bbox 929 2497 1058 2565; x_wconf 82' lang='lat' dir='ltr'>fuerunt,</span> <span class='ocrx_word' id='word_1_201' title='bbox 1076 2518 1147 2577; x_wconf 92' lang='lat' dir='ltr'>quos</span> <span class='ocrx_word' id='word_1_202' title='bbox 1162 2496 1220 2554; x_wconf 83' lang='lat' dir='ltr'>Her·</span> 
     </span>
     <span class='ocr_line' id='line_1_26' title="bbox 121 2577 1222 2658; baseline 0.002 -24"><span class='ocrx_word' id='word_1_203' title='bbox 121 2577 201 2635; x_wconf 88' lang='lat' dir='ltr'>cules</span> <span class='ocrx_word' id='word_1_204' title='bbox 216 2597 232 2636; x_wconf 92' lang='lat' dir='ltr'>e</span> <span class='ocrx_word' id='word_1_205' title='bbox 248 2579 365 2657; x_wconf 86' lang='lat' dir='ltr'>Thespii</span> <span class='ocrx_word' id='word_1_206' title='bbox 381 2580 492 2638; x_wconf 87' lang='lat' dir='ltr'>filiabus</span> <span class='ocrx_word' id='word_1_207' title='bbox 507 2593 687 2658; x_wconf 87' lang='lat' dir='ltr'>susceperat:</span> <span class='ocrx_word' id='word_1_208' title='bbox 709 2592 742 2638; x_wconf 95' lang='lat' dir='ltr'>ut</span> <span class='ocrx_word' id='word_1_209' title='bbox 762 2593 841 2637; x_wconf 87' lang='lat' dir='ltr'>recte</span> <span class='ocrx_word' id='word_1_210' title='bbox 858 2583 917 2657; x_wconf 88' lang='lat' dir='ltr'>jam</span> <span class='ocrx_word' id='word_1_211' title='bbox 940 2578 1101 2638; x_wconf 86' lang='lat' dir='ltr'>Dorvillius</span> <span class='ocrx_word' id='word_1_212' title='bbox 1121 2579 1222 2652; x_wconf 70' lang='grc' dir='ltr'>οὑψνβίκ</span> 
     </span>
     <span class='ocr_line' id='line_1_27' title="bbox 120 2655 1220 2736; baseline -0.003 -20"><span class='ocrx_word' id='word_1_213' title='bbox 120 2659 312 2736; x_wconf 84' lang='lat' dir='ltr'>provulgata</span> <span class='ocrx_word' id='word_1_214' title='bbox 337 2665 347 2720; x_wconf 80' lang='lat' dir='ltr'>l</span> <span class='ocrx_word' id='word_1_215' title='bbox 370 2661 477 2736; x_wconf 71' lang='grc' dir='ltr'>ὑψνβίαις</span> <span class='ocrx_word' id='word_1_216' title='bbox 502 2661 587 2719; x_wconf 90' lang='lat' dir='ltr'>scribi</span> <span class='ocrx_word' id='word_1_217' title='bbox 610 2661 742 2719; x_wconf 92' lang='lat' dir='ltr'>voluerit.</span> <span class='ocrx_word' id='word_1_218' title='bbox 785 2661 834 2718; x_wconf 90' lang='lat' dir='ltr'>Ad</span> <span class='ocrx_word' id='word_1_219' title='bbox 862 2659 938 2718; x_wconf 90' lang='lat' dir='ltr'>idem</span> <span class='ocrx_word' id='word_1_220' title='bbox 964 2678 1082 2718; x_wconf 89' lang='lat' dir='ltr'>carmen</span> <span class='ocrx_word' id='word_1_221' title='bbox 1109 2655 1220 2736; x_wconf 81' lang='lat' dir='ltr'>Thespia</span> 
     </span>
     <span class='ocr_line' id='line_1_28' title="bbox 122 2740 1263 2821; baseline -0.002 -25"><span class='ocrx_word' id='word_1_222' title='bbox 122 2741 231 2799; x_wconf 91' lang='lat' dir='ltr'>mentio</span> <span class='ocrx_word' id='word_1_223' title='bbox 245 2740 396 2801; x_wconf 81' lang='lat' dir='ltr'>referenda</span> <span class='ocrx_word' id='word_1_224' title='bbox 409 2743 533 2812; x_wconf 87' lang='lat' dir='ltr'>videtur,</span> <span class='ocrx_word' id='word_1_225' title='bbox 548 2745 624 2821; x_wconf 92' lang='lat' dir='ltr'>quod</span> <span class='ocrx_word' id='word_1_226' title='bbox 642 2742 718 2800; x_wconf 91' lang='lat' dir='ltr'>urbis</span> <span class='ocrx_word' id='word_1_227' title='bbox 733 2760 837 2799; x_wconf 89' lang='lat' dir='ltr'>nomen</span> <span class='ocrx_word' id='word_1_228' title='bbox 855 2740 1018 2819; x_wconf 87' lang='lat' dir='ltr'>Stephanus</span> <span class='ocrx_word' id='word_1_229' title='bbox 1031 2741 1221 2820; x_wconf 82' lang='lat' dir='ltr'>Byzantiorut</span> <span class='ocrx_word' id='word_1_230' title='bbox 1262 2802 1263 2809; x_wconf 8' lang='grc' dir='ltr'>ἵ</span> 
     </span>
     <span class='ocr_line' id='line_1_29' title="bbox 50 2814 1263 2902; baseline 0.001 -29"><span class='ocrx_word' id='word_1_231' title='bbox 50 2868 52 2873; x_wconf 94' lang='grc'>.</span> <span class='ocrx_word' id='word_1_232' title='bbox 123 2822 251 2881; x_wconf 89' lang='lat' dir='ltr'>Corinna</span> <span class='ocrx_word' id='word_1_233' title='bbox 264 2822 359 2881; x_wconf 83' lang='lat' dir='ltr'>madia</span> <span class='ocrx_word' id='word_1_234' title='bbox 373 2824 459 2881; x_wconf 92' lang='lat' dir='ltr'><strong>modo</strong></span> <span class='ocrx_word' id='word_1_235' title='bbox 474 2824 562 2902; x_wconf 88' lang='lat' dir='ltr'>longa</span> <span class='ocrx_word' id='word_1_236' title='bbox 576 2825 661 2882; x_wconf 92' lang='lat' dir='ltr'>modo</span> <span class='ocrx_word' id='word_1_237' title='bbox 675 2822 755 2881; x_wconf 87' lang='lat' dir='ltr'>brevi</span> <span class='ocrx_word' id='word_1_238' title='bbox 769 2822 892 2900; x_wconf 90' lang='lat' dir='ltr'>positum</span> <span class='ocrx_word' id='word_1_239' title='bbox 908 2821 1018 2881; x_wconf 87' lang='lat' dir='ltr'>scribit.</span> <span class='ocrx_word' id='word_1_240' title='bbox 1062 2814 1221 2880; x_wconf 84' lang='lat' dir='ltr'>Haecsiveri</span> <span class='ocrx_word' id='word_1_241' title='bbox 1261 2826 1263 2888; x_wconf 80' lang='lat' dir='ltr'>j</span> 
     </span>
     <span class='ocr_line' id='line_1_30' title="bbox 122 2896 1263 2981; baseline -0.004 -23"><span class='ocrx_word' id='word_1_242' title='bbox 122 2901 224 2960; x_wconf 87' lang='lat' dir='ltr'>similia</span> <span class='ocrx_word' id='word_1_243' title='bbox 244 2915 319 2970; x_wconf 84' lang='lat' dir='ltr'>sunt,</span> <span class='ocrx_word' id='word_1_244' title='bbox 344 2905 481 2963; x_wconf 88' lang='lat' dir='ltr'>credibile</span> <span class='ocrx_word' id='word_1_245' title='bbox 502 2917 555 2974; x_wconf 90' lang='lat' dir='ltr'>est,</span> <span class='ocrx_word' id='word_1_246' title='bbox 577 2904 773 2963; x_wconf 88' lang='lat' dir='ltr'>introductum</span> <span class='ocrx_word' id='word_1_247' title='bbox 795 2923 857 2961; x_wconf 91' lang='lat' dir='ltr'>esse</span> <span class='ocrx_word' id='word_1_248' title='bbox 873 2902 1009 2979; x_wconf 86' lang='lat' dir='ltr'>aliquem,</span> <span class='ocrx_word' id='word_1_249' title='bbox 1034 2906 1084 2981; x_wconf 94' lang='lat' dir='ltr'>qui</span> <span class='ocrx_word' id='word_1_250' title='bbox 1106 2905 1142 2961; x_wconf 92' lang='lat' dir='ltr'>de</span> <span class='ocrx_word' id='word_1_251' title='bbox 1161 2896 1220 2959; x_wconf 85' lang='lat' dir='ltr'>bello</span> <span class='ocrx_word' id='word_1_252' title='bbox 1261 2908 1263 2918; x_wconf 90' lang='lat'>&#39;</span> 
     </span>
     <span class='ocr_line' id='line_1_31' title="bbox 122 2983 1263 3063; baseline -0.001 -25"><span class='ocrx_word' id='word_1_253' title='bbox 122 2998 188 3038; x_wconf 91' lang='lat' dir='ltr'>cum</span> <span class='ocrx_word' id='word_1_254' title='bbox 203 2983 328 3059; x_wconf 86' lang='lat' dir='ltr'>antiquis</span> <span class='ocrx_word' id='word_1_255' title='bbox 338 2985 476 3042; x_wconf 79' lang='lat' dir='ltr'>Sardinia</span> <span class='ocrx_word' id='word_1_256' title='bbox 486 2984 586 3042; x_wconf 90' lang='lat' dir='ltr'>incolis</span> <span class='ocrx_word' id='word_1_257' title='bbox 601 2997 683 3062; x_wconf 90' lang='lat' dir='ltr'>gesto</span> <span class='ocrx_word' id='word_1_258' title='bbox 694 3004 851 3063; x_wconf 85' lang='lat' dir='ltr'>exponens,</span> <span class='ocrx_word' id='word_1_259' title='bbox 867 2985 967 3042; x_wconf 91' lang='lat' dir='ltr'>urbem</span> <span class='ocrx_word' id='word_1_260' title='bbox 981 3003 1084 3042; x_wconf 90' lang='lat' dir='ltr'>eorum</span> <span class='ocrx_word' id='word_1_261' title='bbox 1094 3001 1177 3063; x_wconf 88' lang='lat' dir='ltr'>prope</span> <span class='ocrx_word' id='word_1_262' title='bbox 1187 2996 1219 3037; x_wconf 84' lang='lat' dir='ltr'>re·</span> <span class='ocrx_word' id='word_1_263' title='bbox 1261 3025 1263 3057; x_wconf 94' lang='lat'><strong>:</strong></span> 
     </span>
     <span class='ocr_line' id='line_1_32' title="bbox 121 3060 1263 3144; baseline 0.005 -23"><span class='ocrx_word' id='word_1_264' title='bbox 121 3064 241 3140; x_wconf 90' lang='lat' dir='ltr'>pentina</span> <span class='ocrx_word' id='word_1_265' title='bbox 254 3064 417 3123; x_wconf 89' lang='lat' dir='ltr'>incursione</span> <span class='ocrx_word' id='word_1_266' title='bbox 432 3077 547 3144; x_wconf 85' lang='lat' dir='ltr'>captam</span> <span class='ocrx_word' id='word_1_267' title='bbox 561 3085 633 3139; x_wconf 88' lang='lat' dir='ltr'>esse,</span> <span class='ocrx_word' id='word_1_268' title='bbox 648 3066 727 3124; x_wconf 87' lang='lat' dir='ltr'>hunc</span> <span class='ocrx_word' id='word_1_269' title='bbox 740 3065 801 3126; x_wconf 87' lang='lat' dir='ltr'>fere</span> <span class='ocrx_word' id='word_1_270' title='bbox 815 3067 844 3123; x_wconf 91' lang='lat' dir='ltr'>in</span> <span class='ocrx_word' id='word_1_271' title='bbox 858 3066 976 3124; x_wconf 84' lang='lat' dir='ltr'>morium</span> <span class='ocrx_word' id='word_1_272' title='bbox 990 3076 1133 3126; x_wconf 76' lang='lat' dir='ltr'>narrareta</span> <span class='ocrx_word' id='word_1_273' title='bbox 1260 3060 1263 3082; x_wconf 64' lang='lat'>³</span> 
     </span>
    </p>
   </div>
   <div class='ocr_carea' id='block_1_6' title="bbox 200 3195 571 3583">
    <p class='ocr_par' dir='ltr' id='par_1_7' title="bbox 200 3195 571 3583">
     <span class='ocr_line' id='line_1_33' title="bbox 201 3195 539 3279; baseline 0 -22"><span class='ocrx_word' id='word_1_274' title='bbox 201 3195 317 3279; x_wconf 59' lang='lat' dir='ltr'>&gt;origam</span> <span class='ocrx_word' id='word_1_275' title='bbox 333 3197 393 3259; x_wconf 63' lang='grc' dir='ltr'>ὅστ’</span> <span class='ocrx_word' id='word_1_276' title='bbox 408 3199 443 3272; x_wconf 72' lang='grc' dir='ltr'>ἐφ’</span> <span class='ocrx_word' id='word_1_277' title='bbox 458 3202 539 3258; x_wconf 63' lang='lat' dir='ltr'>iamir</span> 
     </span>
     <span class='ocr_line' id='line_1_34' title="bbox 200 3281 566 3362; baseline 0.008 -26"><span class='ocrx_word' id='word_1_278' title='bbox 200 3281 287 3360; x_wconf 67' lang='lat' dir='ltr'>strigare</span> <span class='ocrx_word' id='word_1_279' title='bbox 299 3306 326 3340; x_wconf 85' lang='grc' dir='ltr'>νιν</span> <span class='ocrx_word' id='word_1_280' title='bbox 339 3282 480 3362; x_wconf 68' lang='grc' dir='ltr'><em>βςέμνμνννν</em></span> <span class='ocrx_word' id='word_1_281' title='bbox 494 3281 566 3340; x_wconf 68' lang='lat' dir='ltr'>tribu</span> 
     </span>
     <span class='ocr_line' id='line_1_35' title="bbox 202 3358 528 3442; baseline 0.006 -23"><span class='ocrx_word' id='word_1_282' title='bbox 202 3358 365 3442; x_wconf 60' lang='lat' dir='ltr'>&gt;anagildum</span> <span class='ocrx_word' id='word_1_283' title='bbox 378 3363 528 3442; x_wconf 67' lang='grc' dir='ltr'><em>άπςοφανὲς·</em></span> 
     </span>
     <span class='ocr_line' id='line_1_36' title="bbox 202 3441 571 3514; baseline 0.003 -14"><span class='ocrx_word' id='word_1_284' title='bbox 202 3446 312 3514; x_wconf 74' lang='grc' dir='ltr'><em>γλνίννιον</em></span> <span class='ocrx_word' id='word_1_285' title='bbox 327 3441 351 3502; x_wconf 74' lang='lat' dir='ltr'>di</span> <span class='ocrx_word' id='word_1_286' title='bbox 365 3443 414 3502; x_wconf 75' lang='lat' dir='ltr'>mir</span> <span class='ocrx_word' id='word_1_287' title='bbox 427 3471 462 3507; x_wconf 83' lang='grc' dir='ltr'>τις</span> <span class='ocrx_word' id='word_1_288' title='bbox 478 3442 571 3501; x_wconf 54' lang='lat' dir='ltr'>&amp;ordiris</span> 
     </span>
     <span class='ocr_line' id='line_1_37' title="bbox 241 3523 529 3583; baseline -0.01 0"><span class='ocrx_word' id='word_1_289' title='bbox 241 3525 379 3583; x_wconf 65' lang='lat' dir='ltr'>strauisset</span> <span class='ocrx_word' id='word_1_290' title='bbox 394 3523 476 3583; x_wconf 73' lang='lat' dir='ltr'>dorsis-³</span> <span class='ocrx_word' id='word_1_291' title='bbox 489 3525 529 3583; x_wconf 79' lang='lat' dir='ltr'>r’ir.</span> 
     </span>
    </p>
   </div>
   <div class='ocr_carea' id='block_1_7' title="bbox 45 3653 1263 4305">
    <p class='ocr_par' dir='ltr' id='par_1_8' title="bbox 45 3653 1241 3731">
     <span class='ocr_line' id='line_1_38' title="bbox 45 3653 1241 3731; baseline 0.002 -21"><span class='ocrx_word' id='word_1_292' title='bbox 45 3700 48 3705; x_wconf 92' lang='lat'>.</span> <span class='ocrx_word' id='word_1_293' title='bbox 123 3653 194 3726; x_wconf 75' lang='lat' dir='ltr'>Ira,</span> <span class='ocrx_word' id='word_1_294' title='bbox 209 3654 311 3731; x_wconf 88' lang='lat' dir='ltr'>inquit,</span> <span class='ocrx_word' id='word_1_295' title='bbox 328 3674 370 3713; x_wconf 80' lang='lat' dir='ltr'>ur</span> <span class='ocrx_word' id='word_1_296' title='bbox 387 3673 535 3713; x_wconf 77' lang='lat' dir='ltr'>eaorran</span> <span class='ocrx_word' id='word_1_297' title='bbox 551 3673 690 3714; x_wconf 77' lang='lat' dir='ltr'>ussrau</span> <span class='ocrx_word' id='word_1_298' title='bbox 711 3673 905 3718; x_wconf 81' lang='lat' dir='ltr'>suussruuor</span> <span class='ocrx_word' id='word_1_299' title='bbox 922 3661 1216 3714; x_wconf 73' lang='lat' dir='ltr'>uunoceseaorst1</span> <span class='ocrx_word' id='word_1_300' title='bbox 1237 3696 1241 3703; x_wconf 86' lang='grc'>-</span> 
     </span>
    </p>

    <p class='ocr_par' dir='ltr' id='par_1_9' title="bbox 75 3747 1263 4305">
     <span class='ocr_line' id='line_1_39' title="bbox 123 3747 1216 3817; baseline 0 -26"><span class='ocrx_word' id='word_1_301' title='bbox 123 3752 301 3793; x_wconf 81' lang='lat' dir='ltr'>rornnovrso</span> <span class='ocrx_word' id='word_1_302' title='bbox 314 3753 426 3795; x_wconf 78' lang='lat' dir='ltr'>uanam</span> <span class='ocrx_word' id='word_1_303' title='bbox 440 3755 649 3807; x_wconf 76' lang='lat' dir='ltr'>caPlssEMUS,</span> <span class='ocrx_word' id='word_1_304' title='bbox 661 3756 773 3800; x_wconf 74' lang='lat' dir='ltr'>aucun</span> <span class='ocrx_word' id='word_1_305' title='bbox 786 3755 921 3798; x_wconf 78' lang='lat' dir='ltr'>nuruurs</span> <span class='ocrx_word' id='word_1_306' title='bbox 932 3756 1038 3796; x_wconf 78' lang='lat' dir='ltr'>nuncu</span> <span class='ocrx_word' id='word_1_307' title='bbox 1050 3753 1169 3796; x_wconf 76' lang='lat' dir='ltr'>caurus</span> <span class='ocrx_word' id='word_1_308' title='bbox 1181 3747 1216 3817; x_wconf 44' lang='grc' dir='ltr'>δεῖ</span> 
     </span>
     <span class='ocr_line' id='line_1_40' title="bbox 122 3813 1262 3897; baseline 0.001 -25"><span class='ocrx_word' id='word_1_309' title='bbox 122 3834 264 3875; x_wconf 78' lang='lat' dir='ltr'>conisus</span> <span class='ocrx_word' id='word_1_310' title='bbox 290 3834 452 3877; x_wconf 68' lang='lat' dir='ltr'>asnarius</span> <span class='ocrx_word' id='word_1_311' title='bbox 469 3837 575 3885; x_wconf 79' lang='lat' dir='ltr'>assur,</span> <span class='ocrx_word' id='word_1_312' title='bbox 591 3819 694 3897; x_wconf 84' lang='lat' dir='ltr'>quibus</span> <span class='ocrx_word' id='word_1_313' title='bbox 708 3838 812 3896; x_wconf 88' lang='lat' dir='ltr'>nempe</span> <span class='ocrx_word' id='word_1_314' title='bbox 826 3831 932 3895; x_wconf 87' lang='lat' dir='ltr'>portas,</span> <span class='ocrx_word' id='word_1_315' title='bbox 955 3819 1090 3895; x_wconf 88' lang='lat' dir='ltr'>aedesque</span> <span class='ocrx_word' id='word_1_316' title='bbox 1110 3813 1216 3874; x_wconf 80' lang='lat' dir='ltr'>diruitur</span> <span class='ocrx_word' id='word_1_317' title='bbox 1256 3863 1262 3873; x_wconf 93' lang='lat'>.</span> 
     </span>
     <span class='ocr_line' id='line_1_41' title="bbox 123 3888 1263 3978; baseline 0.002 -27"><span class='ocrx_word' id='word_1_318' title='bbox 123 3895 253 3957; x_wconf 83' lang='lat' dir='ltr'>fuissent.</span> <span class='ocrx_word' id='word_1_319' title='bbox 295 3898 415 3974; x_wconf 85' lang='lat' dir='ltr'>Singula</span> <span class='ocrx_word' id='word_1_320' title='bbox 429 3901 492 3976; x_wconf 92' lang='lat' dir='ltr'>quis</span> <span class='ocrx_word' id='word_1_321' title='bbox 514 3902 588 3958; x_wconf 90' lang='lat' dir='ltr'>ausit</span> <span class='ocrx_word' id='word_1_322' title='bbox 603 3902 630 3957; x_wconf 92' lang='lat' dir='ltr'>in</span> <span class='ocrx_word' id='word_1_323' title='bbox 648 3913 705 3958; x_wconf 90' lang='lat' dir='ltr'>tam</span> <span class='ocrx_word' id='word_1_324' title='bbox 720 3901 798 3959; x_wconf 90' lang='lat' dir='ltr'>brevi</span> <span class='ocrx_word' id='word_1_325' title='bbox 813 3900 977 3976; x_wconf 83' lang='lat' dir='ltr'>fragmento</span> <span class='ocrx_word' id='word_1_326' title='bbox 993 3913 1074 3958; x_wconf 89' lang='lat' dir='ltr'>certa</span> <span class='ocrx_word' id='word_1_327' title='bbox 1088 3888 1216 3978; x_wconf 72' lang='lat' dir='ltr'>prestare?</span> <span class='ocrx_word' id='word_1_328' title='bbox 1257 3914 1263 3972; x_wconf 67' lang='lat' dir='ltr'>j</span> 
     </span>
     <span class='ocr_line' id='line_1_42' title="bbox 75 3968 1263 4059; baseline 0.001 -24"><span class='ocrx_word' id='word_1_329' title='bbox 75 3994 78 3999; x_wconf 84' lang='lat'>·</span> <span class='ocrx_word' id='word_1_330' title='bbox 123 3976 280 4059; x_wconf 65' lang='grc' dir='ltr'>’Λπςνφνινὲς</span> <span class='ocrx_word' id='word_1_331' title='bbox 303 3993 399 4038; x_wconf 89' lang='lat' dir='ltr'>tamen</span> <span class='ocrx_word' id='word_1_332' title='bbox 421 3994 505 4039; x_wconf 86' lang='lat' dir='ltr'>extra</span> <span class='ocrx_word' id='word_1_333' title='bbox 525 3980 734 4040; x_wconf 87' lang='lat' dir='ltr'>dubitationem</span> <span class='ocrx_word' id='word_1_334' title='bbox 759 3982 884 4059; x_wconf 89' lang='lat' dir='ltr'>positum</span> <span class='ocrx_word' id='word_1_335' title='bbox 909 3994 991 4059; x_wconf 89' lang='lat' dir='ltr'>puto.</span> <span class='ocrx_word' id='word_1_336' title='bbox 1035 3981 1080 4038; x_wconf 87' lang='lat' dir='ltr'>Eo</span> <span class='ocrx_word' id='word_1_337' title='bbox 1102 3968 1215 4038; x_wconf 77' lang='lat' dir='ltr'>vocabul⁰</span> <span class='ocrx_word' id='word_1_338' title='bbox 1256 3980 1263 4001; x_wconf 64' lang='lat'>⁴</span> 
     </span>
     <span class='ocr_line' id='line_1_43' title="bbox 123 4061 1216 4141; baseline 0.005 -30"><span class='ocrx_word' id='word_1_339' title='bbox 123 4074 191 4114; x_wconf 88' lang='lat' dir='ltr'>usus</span> <span class='ocrx_word' id='word_1_340' title='bbox 204 4072 248 4117; x_wconf 88' lang='lat' dir='ltr'>est</span> <span class='ocrx_word' id='word_1_341' title='bbox 263 4061 397 4137; x_wconf 89' lang='lat' dir='ltr'>Orpbeus</span> <span class='ocrx_word' id='word_1_342' title='bbox 415 4065 487 4139; x_wconf 85' lang='lat' dir='ltr'>Arg.</span> <span class='ocrx_word' id='word_1_343' title='bbox 501 4063 570 4123; x_wconf 87' lang='lat'><strong>785.</strong></span> <span class='ocrx_word' id='word_1_344' title='bbox 612 4063 688 4121; x_wconf 90' lang='lat' dir='ltr'>Illud</span> <span class='ocrx_word' id='word_1_345' title='bbox 708 4082 777 4120; x_wconf 90' lang='lat' dir='ltr'>vero</span> <span class='ocrx_word' id='word_1_346' title='bbox 792 4064 881 4141; x_wconf 90' lang='lat' dir='ltr'>quaeri</span> <span class='ocrx_word' id='word_1_347' title='bbox 896 4063 1011 4140; x_wconf 90' lang='lat' dir='ltr'>poterit,</span> <span class='ocrx_word' id='word_1_348' title='bbox 1028 4081 1076 4132; x_wconf 90' lang='lat' dir='ltr'>an,</span> <span class='ocrx_word' id='word_1_349' title='bbox 1091 4068 1216 4139; x_wconf 63' lang='lat' dir='ltr'>quumsae·</span> 
     </span>
     <span class='ocr_line' id='line_1_44' title="bbox 121 4134 1217 4222; baseline 0 -26"><span class='ocrx_word' id='word_1_350' title='bbox 121 4136 186 4213; x_wconf 86' lang='lat' dir='ltr'>pius</span> <span class='ocrx_word' id='word_1_351' title='bbox 201 4140 352 4200; x_wconf 83' lang='lat' dir='ltr'>AEolenses</span> <span class='ocrx_word' id='word_1_352' title='bbox 366 4172 378 4209; x_wconf 64' lang='lat' dir='ltr'>a</span> <span class='ocrx_word' id='word_1_353' title='bbox 393 4163 446 4220; x_wconf 90' lang='lat' dir='ltr'>pro</span> <span class='ocrx_word' id='word_1_354' title='bbox 460 4169 478 4202; x_wconf 80' lang='lat' dir='ltr'>u</span> <span class='ocrx_word' id='word_1_355' title='bbox 493 4144 702 4219; x_wconf 71' lang='lat' dir='ltr'>usurpaverint,</span> <span class='ocrx_word' id='word_1_356' title='bbox 718 4144 813 4202; x_wconf 91' lang='lat' dir='ltr'>verior</span> <span class='ocrx_word' id='word_1_357' title='bbox 826 4144 970 4222; x_wconf 87' lang='lat' dir='ltr'>scriptura</span> <span class='ocrx_word' id='word_1_358' title='bbox 983 4145 1031 4211; x_wconf 92' lang='lat' dir='ltr'>sit,</span> <span class='ocrx_word' id='word_1_359' title='bbox 1047 4163 1112 4220; x_wconf 78' lang='lat' dir='ltr'>quae</span> <span class='ocrx_word' id='word_1_360' title='bbox 1125 4134 1217 4219; x_wconf 69' lang='lat' dir='ltr'>propit¹</span> 
     </span>
     <span class='ocr_line' id='line_1_45' title="bbox 122 4216 1219 4305; baseline 0.001 -30"><span class='ocrx_word' id='word_1_361' title='bbox 122 4216 160 4275; x_wconf 81' lang='lat' dir='ltr'>ad</span> <span class='ocrx_word' id='word_1_362' title='bbox 173 4218 317 4297; x_wconf 80' lang='lat' dir='ltr'>vulgatam</span> <span class='ocrx_word' id='word_1_363' title='bbox 332 4224 457 4297; x_wconf 87' lang='lat' dir='ltr'>accedit,</span> <span class='ocrx_word' id='word_1_364' title='bbox 474 4231 626 4305; x_wconf 68' lang='grc' dir='ltr'>ἀννςνφανῆς.</span> <span class='ocrx_word' id='word_1_365' title='bbox 668 4227 816 4286; x_wconf 87' lang='lat' dir='ltr'>Caeterum</span> <span class='ocrx_word' id='word_1_366' title='bbox 836 4230 986 4288; x_wconf 65' lang='grc' dir='ltr'>κατάπλουν</span> <span class='ocrx_word' id='word_1_367' title='bbox 1007 4225 1087 4284; x_wconf 89' lang='lat' dir='ltr'>illum</span> <span class='ocrx_word' id='word_1_368' title='bbox 1111 4219 1219 4284; x_wconf 73' lang='lat' dir='ltr'>Coruus</span> 
     </span>
    </p>
   </div>
   <div class='ocr_carea' id='block_1_8' title="bbox 0 0 1358 4866">
    <p class='ocr_par' dir='ltr' id='par_1_10' title="bbox 0 0 1358 4866">
     <span class='ocr_line' id='line_1_46' title="bbox 0 0 1358 4866; baseline 0 0"><span class='ocrx_word' id='word_1_369' title='bbox 0 0 1358 4866; x_wconf 95' lang='lat' dir='ltr'> </span> 
     </span>
    </p>
   </div>
  </div>
 </body>
</html>
