2694 4866
321 246 379 308 DE
401 246 607 345 VERSIBUS
628 197 881 311 GLYCONElS.
926 313 933 339 ι
1107 256 1167 319 987

116 455 164 514 aa?
176 450 315 517 mrriaord'
328 452 459 530 sidobrim.

71 590 104 646 5.
126 584 243 644 Deinde
256 603 326 643 vero
340 585 426 644 etiam
437 584 518 645 basin
533 602 600 644 cum
613 584 782 644 choriambo
795 583 895 645 sedem
909 593 1088 645 commutare
1108 606 1159 648 vo·

71 677 172 726 erunt:
194 685 252 745 quo
275 667 355 725 facto
377 685 490 724 rursum
504 667 587 726 basin
601 685 709 724 exuere
730 678 864 725 naturam
884 685 965 725 suam
986 668 1159 743 oportebat:

71 769 101 806 ae
116 747 193 826 quia,
209 746 252 806 uti
262 747 373 806 dictum
388 758 441 818 est,
456 766 516 806 non
530 759 627 827 potest
642 747 768 805 iambum
782 747 957 825 praecedere,
974 745 1035 824 ipsa
1048 759 1162 809 mutata

71 851 76 889 ;
93 829 125 886 in
139 828 277 898 iambum,
292 847 420 908 unoque,
435 839 468 886 ut
481 827 606 900 videtur,
620 828 722 887 ordine
733 847 801 886 cum
815 840 955 906 sequente
968 827 1064 885 iambo
1089 848 1160 889 cou·
1255 864 1258 871 ·

71 922 149 982 scta,
164 909 204 969 ita
214 921 247 968 ut
261 909 322 988 ipsa
335 920 460 981 tantum,
474 929 533 968 non
548 910 634 968 etiam
649 910 770 981 iambus,
787 909 836 988 qui
848 908 988 988 sequitur,
1002 908 1160 988 ancipitem

71 990 189 1053 acrusin
202 991 379 1050 admitteret.
421 990 466 1050 Ea
479 1010 548 1050 vero
562 991 625 1050 haec
638 990 732 1050 forma
745 1001 809 1052 est:

172 1169 182 1194 Ι
395 1169 406 1194 Ι

156 1170 509 1253 ..υυ-ΙΑῦ-υ-

71 1325 96 1364 m
111 1322 164 1382 par
177 1315 222 1362 est
235 1302 358 1362 dimetro
373 1302 579 1378 choriambico,
593 1322 653 1363 non
674 1314 772 1364 tamen
786 1315 819 1364 ut
833 1323 871 1363 ex
885 1303 998 1363 duobus
1013 1304 1154 1366 choriam-

71 1407 76 1444 r
92 1384 229 1463 componi
244 1385 343 1462 possit.

71 1472 100 1530 7.
123 1466 200 1524 Haec
213 1464 237 1523 si
252 1464 281 1521 in
295 1484 385 1524 unum
400 1464 572 1544 colligimus,
587 1477 716 1544 apparet,
738 1466 878 1526 dominari
893 1466 923 1523 in
938 1466 1093 1546 Glyconeo
1106 1488 1158 1548 po·

71 1547 249 1606 chematisto
264 1545 474 1616 choriambum,
489 1546 537 1624 qui
553 1548 630 1605 solus
645 1548 830 1606 immutabilis
845 1559 961 1616 manet;
985 1559 1087 1608 tenere
1108 1568 1163 1609 au-

71 1650 90 1686 n
107 1648 175 1687 eum
189 1646 268 1684 nunc
282 1627 408 1686 medium
424 1628 519 1685 locum
535 1628 610 1686 inter
624 1628 705 1685 basin
720 1639 750 1687 et
764 1630 901 1697 iambum,
923 1648 1001 1687 nunc
1018 1630 1161 1705 ultimum,

71 1709 200 1788 egressis
214 1708 320 1766 basiet
334 1709 473 1779 trochaeo,
494 1727 573 1766 nunc
587 1709 712 1785 denique
722 1711 857 1786 primum,
872 1722 1012 1786 sequente
1023 1710 1160 1773 diiambo.

72 1798 103 1851 8.
135 1791 237 1849 Minor
258 1789 382 1848 varietas
408 1801 451 1847 est
475 1808 574 1846 versus
600 1790 795 1848 Pherecratei.
839 1791 913 1848 Nam
935 1810 1024 1868 quum
1048 1793 1079 1848 in
1104 1794 1161 1852 hoc

71 1893 121 1931 rsu
134 1871 247 1929 iambus
261 1871 459 1928 choriambum
475 1870 570 1928 nullus
584 1882 732 1948 sequatur,
747 1883 879 1948 apertum
894 1882 947 1939 est,
963 1871 1082 1929 excludi
1097 1894 1161 1931 mu-

71 1955 173 2012 lonem
185 1971 260 2021 eam,
282 1970 339 2029 qua
353 1951 535 2010 choriambus
549 1952 579 2008 in
594 1951 651 2008 fine
673 1952 843 2013 collocetur.
885 1951 1071 2030 Relinquitur
1091 1974 1161 2014 vero

71 2055 168 2106 erum,
189 2045 223 2092 ut
236 2033 321 2104 basis,
347 2053 411 2112 quae
425 2033 455 2090 in
471 2032 527 2091 hoc
552 2052 669 2111 quoque
694 2052 778 2092 versu
801 2044 853 2100 est,
881 2045 1041 2092 commutet
1061 2036 1165 2096 sedem

71 2137 115 2176 um
131 2134 200 2174 cum
212 2114 388 2183 choriambo,
415 2114 494 2191 quod
508 2113 570 2171 fieri
585 2124 812 2172 consentaneum
828 2125 873 2172 est
886 2113 991 2172 eodem
1004 2116 1102 2188 modo,
1128 2129 1163 2177 ut

78 2198 245 2277 Glyconeo‚
269 2196 289 2255 i.
303 2215 328 2255 e.
352 2195 413 2254 basi
428 2197 457 2252 in
476 2196 603 2253 iambum
618 2207 748 2253 mutata:
770 2195 819 2273 qui
833 2207 940 2264 tamen,
963 2197 1099 2274 quoniam
1119 2198 1161 2258 sic

71 2290 201 2337 stremus
227 2277 298 2335 ordo
319 2297 358 2335 ex
378 2276 466 2335 debili
486 2276 571 2354 pede,
593 2277 800 2354 amphibracho
821 2288 943 2343 constat,
977 2276 1060 2335 valde
1080 2277 1160 2338 inve.

71 2371 137 2419 stus
150 2360 238 2429 foret,
259 2357 283 2416 si
302 2357 419 2436 longam
434 2358 586 2415 anacrusin
601 2357 777 2418 admitteret.
818 2360 926 2429 Quare,
942 2359 1017 2416 utin
1032 2359 1162 2418 iambicis

70 2441 225 2512 talecticis,
248 2439 341 2497 finalis
361 2439 416 2497 iste
437 2439 659 2517 amphibrachus
681 2440 833 2497 auacrusin
853 2441 972 2498 brevem
1001 2453 1162 2515 conservat.

71 2540 140 2602 tque
161 2523 227 2581 duae
247 2531 360 2580 tanturn
380 2531 448 2579 aunt
470 2519 657 2580 Pherecratci
677 2539 776 2580 versus
793 2519 904 2597 formae,
925 2522 1028 2599 prima,
1048 2534 1162 2584 servata

71 2623 107 2676 ⁸¹²

113 2752 140 2814 ι’.
153 2752 179 2813 ol·
193 2751 200 2834 Ι
214 2752 405 2818 -Ι-υυ-υ

71 2887 173 2960 tandm
189 2887 363 2965 transposita
376 2897 407 2946 et
420 2884 449 2943 in
463 2885 589 2944 iambum
604 2893 724 2959 mutata,

110 3025 154 3086 -Ι-
163 3059 188 3089 U
198 3059 221 3088 U
230 3075 271 3086 —
286 3025 292 3108 Ι
305 3058 329 3087 υ
339 3023 380 3085 -Ι-
390 3058 413 3087 U

71 3176 103 3236 9.
123 3179 224 3255 Atque
237 3175 301 3234 haec
315 3175 432 3254 quidem
447 3174 487 3233 ita
501 3175 587 3252 plana
599 3185 668 3232 sunt
681 3184 769 3251 atque
783 3183 894 3250 aperta,
909 3184 953 3245 ut,
967 3173 992 3231 si
1005 3174 1084 3235 nulla
1103 3176 1161 3236 alia

71 3250 186 3316 licultas
210 3255 395 3334 objiceretur,
420 3256 556 3314 facillime
581 3255 685 3314 confici
709 3255 813 3312 horum
840 3273 974 3312 versuum
1001 3256 1160 3334 explicatio

71 3350 138 3399 sset.
180 3337 240 3397 Sed
260 3349 337 3410 sunt,
359 3357 424 3415 quae
438 3356 502 3398 earn
523 3337 606 3395 balde
627 3333 795 3414 impeditam
815 3335 949 3395 reddant.
990 3335 1094 3415 anue
1114 3338 1159 3396 his

71 3420 144 3480 abus
157 3419 245 3478 rebus
259 3420 456 3490 continentur,
478 3418 618 3477 varietate
632 3433 841 3487 mensurarum,
863 3435 933 3494 quas
957 3416 1011 3474 sibi
1032 3418 1159 3477 indulse-

71 3503 215 3581 seposta,
231 3511 260 3559 et
272 3500 457 3560 multitudine
466 3519 611 3570 versuum,
622 3518 701 3557 nunc
709 3498 883 3567 breviorum,
895 3517 973 3556 nunc
983 3498 1158 3576 longiorum,

71 3572 135 3643 lex
147 3583 287 3640 similibus
300 3581 427 3640 numeris
440 3581 521 3652 facti,
542 3582 583 3641 ita
604 3600 670 3639 cum
692 3579 852 3658 Glyconeis
872 3579 1033 3638 consociari
1053 3579 1158 3654 solent,

83 3680 138 3722 eos
157 3664 356 3723 internoscere
377 3662 574 3720 difficillimum
588 3663 634 3720 sit.
678 3662 782 3738 Itaque
805 3672 838 3719 ut
859 3659 906 3718 via
926 3660 1049 3737 quadam
1071 3672 1160 3739 atque

71 3731 133 3804 line
141 3744 355 3825 procedathaec
363 3744 530 3822 disputatio,
541 3744 634 3822 primo
646 3743 683 3802 de
691 3743 753 3820 ipsa
762 3741 988 3801 commutatione
999 3741 1158 3802 formarum

71 3832 146 3903 lime
166 3825 272 3885 deinde
286 3825 324 3883 de
337 3825 489 3896 mensuris,
511 3846 581 3902 quas
596 3844 718 3903 quaeque
739 3823 832 3882 forma
852 3823 965 3901 recipit,
986 3824 1160 3901 explicabo;

71 3909 179 3966 ⁵tremo
203 3906 240 3966 de
261 3906 448 3984 dispositione
468 3926 602 3964 versuum
627 3907 857 3984 Glyconeorum,
881 3905 1071 3982 aliorumque,
1092 3925 1159 3984 quae

71 3992 99 4039 m
114 3988 148 4046 iis
162 3989 302 4066 conjungi
315 3988 419 4057 solent,
435 4000 604 4056 metrorum,
620 3987 767 4046 disseram.

71 4057 121 4130 ¹0.
142 4070 237 4148 Igitur
251 4089 339 4149 quum
354 4069 642 4148 polyschematistum
656 4088 719 4127 esse
727 4066 844 4145 aliquod
855 4077 979 4126 metrum
991 4067 1031 4126 ita
1042 4067 1160 4129 demum

71 4148 116 4207 tto
129 4151 227 4229 colligi
241 4151 342 4229 possit,
361 4151 385 4208 si
400 4151 520 4209 diversae
534 4169 722 4210 numerorum
735 4147 836 4206 former
851 4147 881 4205 in
895 4148 1069 4207 carminibus
1084 4152 1158 4208 anti.

71 4231 186 4306 ⁰phicis
200 4232 255 4291 sibi
270 4232 482 4311 respondeant:
497 4233 589 4310 primo
600 4232 671 4290 illud
685 4231 796 4289 idoneis
808 4230 948 4309 exemplis
959 4230 1158 4288 demonstran-

71 4310 101 4362 ¹¹1
115 4325 169 4385 est,
184 4314 360 4394 respondere
374 4313 427 4373 sibi
441 4314 513 4390 illas,
529 4333 603 4394 quas,
615 4313 773 4386 attulimus,
787 4330 922 4372 versuum
937 4311 1157 4390 Glyconeorum

562 4411 633 4477 Uu
