<?xml version="1.0" encoding="UTF-8"?>
<!DOCTYPE html PUBLIC "-//W3C//DTD XHTML 1.0 Transitional//EN"
    "http://www.w3.org/TR/xhtml1/DTD/xhtml1-transitional.dtd">
<html xmlns="http://www.w3.org/1999/xhtml" xml:lang="en" lang="en">
 <head>
  <title>
</title>
<meta http-equiv="Content-Type" content="text/html;charset=utf-8" />
  <meta name='ocr-system' content='tesseract 3.04.00' />
  <meta name='ocr-capabilities' content='ocr_page ocr_carea ocr_par ocr_line ocrx_word'/>
</head>
<body>
  <div class='ocr_page' id='page_1' title='image "./elementadoctrin00hermgoog_0255.png"; bbox 0 0 2694 4866; ppageno 0'>
   <div class='ocr_carea' id='block_1_1' title="bbox 112 308 876 410">
    <p class='ocr_par' dir='ltr' id='par_1_1' title="bbox 112 308 876 410">
     <span class='ocr_line' id='line_1_1' title="bbox 112 308 876 410; baseline -0.007 -1"><span class='ocrx_word' id='word_1_1' title='bbox 112 348 171 410; x_wconf 81' lang='lat' dir='ltr'><strong>aso</strong></span> <span class='ocrx_word' id='word_1_2' title='bbox 483 343 565 407; x_wconf 80' lang='lat' dir='ltr'><strong>cis.</strong></span> <span class='ocrx_word' id='word_1_3' title='bbox 582 340 626 402; x_wconf 89' lang='lat'><strong>11.</strong></span> <span class='ocrx_word' id='word_1_4' title='bbox 647 339 741 404; x_wconf 81' lang='lat' dir='ltr'><strong>cis.</strong></span> <span class='ocrx_word' id='word_1_5' title='bbox 760 308 876 404; x_wconf 78' lang='lat' dir='ltr'><strong>xxvi.</strong></span> 
     </span>
    </p>
   </div>
   <div class='ocr_carea' id='block_1_2' title="bbox 110 496 1183 834">
    <p class='ocr_par' dir='ltr' id='par_1_2' title="bbox 110 496 1183 674">
     <span class='ocr_line' id='line_1_2' title="bbox 110 496 1183 592; baseline -0.002 -19"><span class='ocrx_word' id='word_1_6' title='bbox 110 510 205 573; x_wconf 89' lang='lat' dir='ltr'><strong>Aliud</strong></span> <span class='ocrx_word' id='word_1_7' title='bbox 224 509 345 589; x_wconf 70' lang='lat' dir='ltr'><strong>mothel</strong></span> <span class='ocrx_word' id='word_1_8' title='bbox 358 510 524 592; x_wconf 87' lang='lat' dir='ltr'><strong>exemplum</strong></span> <span class='ocrx_word' id='word_1_9' title='bbox 538 510 568 568; x_wconf 91' lang='lat' dir='ltr'><strong>in</strong></span> <span class='ocrx_word' id='word_1_10' title='bbox 581 509 712 589; x_wconf 82' lang='lat' dir='ltr'><strong>ejusdem</strong></span> <span class='ocrx_word' id='word_1_11' title='bbox 726 512 824 590; x_wconf 72' lang='lat' dir='ltr'><strong>podtae</strong></span> <span class='ocrx_word' id='word_1_12' title='bbox 836 508 941 589; x_wconf 77' lang='lat' dir='ltr'><strong>fragm.</strong></span> <span class='ocrx_word' id='word_1_13' title='bbox 955 511 1006 573; x_wconf 90' lang='grc'><strong>51.</strong></span> <span class='ocrx_word' id='word_1_14' title='bbox 1020 496 1183 592; x_wconf 68' lang='lat' dir='ltr'><strong>sputum</strong></span> 
     </span>
     <span class='ocr_line' id='line_1_3' title="bbox 112 598 438 674; baseline 0 -21"><span class='ocrx_word' id='word_1_15' title='bbox 112 615 145 674; x_wconf 94' lang='lat' dir='ltr'><strong>p.</strong></span> <span class='ocrx_word' id='word_1_16' title='bbox 157 598 187 653; x_wconf 90' lang='grc'><strong>4.</strong></span> <span class='ocrx_word' id='word_1_17' title='bbox 201 604 371 671; x_wconf 86' lang='lat' dir='ltr'><strong>corruptum</strong></span> <span class='ocrx_word' id='word_1_18' title='bbox 384 603 438 653; x_wconf 86' lang='lat' dir='ltr'><strong>est.</strong></span> 
     </span>
    </p>

    <p class='ocr_par' dir='ltr' id='par_1_3' title="bbox 113 671 1183 834">
     <span class='ocr_line' id='line_1_4' title="bbox 155 671 1169 754; baseline 0.002 -21"><span class='ocrx_word' id='word_1_19' title='bbox 155 679 204 734; x_wconf 86' lang='grc'><strong>99.</strong></span> <span class='ocrx_word' id='word_1_20' title='bbox 226 675 336 740; x_wconf 86' lang='lat' dir='ltr'><strong>Quinta</strong></span> <span class='ocrx_word' id='word_1_21' title='bbox 355 674 439 734; x_wconf 90' lang='lat' dir='ltr'><strong>sedes</strong></span> <span class='ocrx_word' id='word_1_22' title='bbox 451 673 614 753; x_wconf 90' lang='lat' dir='ltr'><strong>legitimum</strong></span> <span class='ocrx_word' id='word_1_23' title='bbox 628 673 734 753; x_wconf 90' lang='lat' dir='ltr'><strong>pedem</strong></span> <span class='ocrx_word' id='word_1_24' title='bbox 748 671 838 732; x_wconf 84' lang='lat' dir='ltr'><strong>habet</strong></span> <span class='ocrx_word' id='word_1_25' title='bbox 851 672 1011 754; x_wconf 80' lang='lat' dir='ltr'><strong>dactylum,</strong></span> <span class='ocrx_word' id='word_1_26' title='bbox 1034 674 1105 753; x_wconf 89' lang='lat' dir='ltr'><strong>quia</strong></span> <span class='ocrx_word' id='word_1_27' title='bbox 1127 675 1169 735; x_wconf 92' lang='lat' dir='ltr'><strong>sic</strong></span> 
     </span>
     <span class='ocr_line' id='line_1_5' title="bbox 113 748 1183 834; baseline 0 -20"><span class='ocrx_word' id='word_1_28' title='bbox 113 756 173 815; x_wconf 91' lang='lat' dir='ltr'><strong>itus</strong></span> <span class='ocrx_word' id='word_1_29' title='bbox 187 755 298 815; x_wconf 89' lang='lat' dir='ltr'><strong>numeri</strong></span> <span class='ocrx_word' id='word_1_30' title='bbox 312 756 427 815; x_wconf 77' lang='lat' dir='ltr'><strong>suavior</strong></span> <span class='ocrx_word' id='word_1_31' title='bbox 441 765 495 815; x_wconf 90' lang='lat' dir='ltr'><strong>est.</strong></span> <span class='ocrx_word' id='word_1_32' title='bbox 537 748 642 815; x_wconf 82' lang='lat' dir='ltr'>Rarior</span> <span class='ocrx_word' id='word_1_33' title='bbox 665 753 812 834; x_wconf 90' lang='lat' dir='ltr'><strong>spondeus</strong></span> <span class='ocrx_word' id='word_1_34' title='bbox 836 773 872 814; x_wconf 93' lang='lat' dir='ltr'><strong>eo</strong></span> <span class='ocrx_word' id='word_1_35' title='bbox 893 754 923 813; x_wconf 90' lang='lat' dir='ltr'><strong>in</strong></span> <span class='ocrx_word' id='word_1_36' title='bbox 936 755 1003 815; x_wconf 90' lang='lat' dir='ltr'><strong>loco</strong></span> <span class='ocrx_word' id='word_1_37' title='bbox 1018 768 1073 826; x_wconf 89' lang='lat' dir='ltr'><strong>est,</strong></span> <span class='ocrx_word' id='word_1_38' title='bbox 1087 755 1143 816; x_wconf 88' lang='lat' dir='ltr'><strong>sed</strong></span> <span class='ocrx_word' id='word_1_39' title='bbox 1155 758 1183 814; x_wconf 89' lang='lat' dir='ltr'><strong>in</strong></span> 
     </span>
    </p>
   </div>
   <div class='ocr_carea' id='block_1_3' title="bbox 112 834 1184 999">
    <p class='ocr_par' dir='ltr' id='par_1_4' title="bbox 112 834 1184 999">
     <span class='ocr_line' id='line_1_6' title="bbox 112 834 1184 916; baseline 0.001 -21"><span class='ocrx_word' id='word_1_40' title='bbox 112 837 183 895; x_wconf 91' lang='lat' dir='ltr'><strong>dum</strong></span> <span class='ocrx_word' id='word_1_41' title='bbox 197 836 339 915; x_wconf 86' lang='lat' dir='ltr'><strong>gravitate</strong></span> <span class='ocrx_word' id='word_1_42' title='bbox 352 847 448 897; x_wconf 91' lang='lat' dir='ltr'><strong>suaet</strong></span> <span class='ocrx_word' id='word_1_43' title='bbox 472 835 610 896; x_wconf 78' lang='lat' dir='ltr'><strong>tarditate</strong></span> <span class='ocrx_word' id='word_1_44' title='bbox 634 834 672 894; x_wconf 91' lang='lat' dir='ltr'><strong>ad</strong></span> <span class='ocrx_word' id='word_1_45' title='bbox 692 834 865 895; x_wconf 89' lang='lat' dir='ltr'><strong>seutentiam</strong></span> <span class='ocrx_word' id='word_1_46' title='bbox 889 836 1064 916; x_wconf 88' lang='lat' dir='ltr'><strong>aptissimus.</strong></span> <span class='ocrx_word' id='word_1_47' title='bbox 1107 838 1184 898; x_wconf 83' lang='lat' dir='ltr'><strong>Itas</strong></span> 
     </span>
     <span class='ocr_line' id='line_1_7' title="bbox 112 917 487 999; baseline 0 -23"><span class='ocrx_word' id='word_1_48' title='bbox 112 917 272 999; x_wconf 82' lang='lat' dir='ltr'><strong>Virgilium</strong></span> <span class='ocrx_word' id='word_1_49' title='bbox 286 918 353 978; x_wconf 87' lang='lat' dir='ltr'><strong>Ecl.</strong></span> <span class='ocrx_word' id='word_1_50' title='bbox 368 919 422 978; x_wconf 92' lang='lat' dir='ltr'><strong>IV.</strong></span> <span class='ocrx_word' id='word_1_51' title='bbox 436 922 487 981; x_wconf 95' lang='grc'><strong>49.</strong></span> 
     </span>
    </p>
   </div>
   <div class='ocr_carea' id='block_1_4' title="bbox 182 1032 901 1105">
    <p class='ocr_par' dir='ltr' id='par_1_5' title="bbox 182 1032 901 1105">
     <span class='ocr_line' id='line_1_8' title="bbox 182 1032 901 1105; baseline -0.006 -14"><span class='ocrx_word' id='word_1_52' title='bbox 182 1035 336 1091; x_wconf 76' lang='lat' dir='ltr'><strong>sotadeum</strong></span> <span class='ocrx_word' id='word_1_53' title='bbox 350 1033 463 1100; x_wconf 87' lang='lat' dir='ltr'><strong>soboles,</strong></span> <span class='ocrx_word' id='word_1_54' title='bbox 475 1050 598 1105; x_wconf 78' lang='lat' dir='ltr'><strong>magnum</strong></span> <span class='ocrx_word' id='word_1_55' title='bbox 611 1032 688 1092; x_wconf 80' lang='lat' dir='ltr'><strong>Iovis</strong></span> <span class='ocrx_word' id='word_1_56' title='bbox 700 1032 901 1088; x_wconf 83' lang='lat' dir='ltr'><strong>incrementum.</strong></span> 
     </span>
    </p>
   </div>
   <div class='ocr_carea' id='block_1_5' title="bbox 50 1134 1183 1462">
    <p class='ocr_par' dir='ltr' id='par_1_6' title="bbox 50 1134 1183 1462">
     <span class='ocr_line' id='line_1_9' title="bbox 50 1134 1182 1217; baseline 0 -19"><span class='ocrx_word' id='word_1_57' title='bbox 50 1146 54 1151; x_wconf 83' lang='lat'>&#39;</span> <span class='ocrx_word' id='word_1_58' title='bbox 114 1137 243 1199; x_wconf 85' lang='lat' dir='ltr'><strong>Romani</strong></span> <span class='ocrx_word' id='word_1_59' title='bbox 257 1137 287 1196; x_wconf 91' lang='lat' dir='ltr'><strong>in</strong></span> <span class='ocrx_word' id='word_1_60' title='bbox 301 1137 358 1197; x_wconf 89' lang='lat' dir='ltr'><strong>hoc</strong></span> <span class='ocrx_word' id='word_1_61' title='bbox 371 1155 481 1217; x_wconf 86' lang='lat' dir='ltr'><strong>genere</strong></span> <span class='ocrx_word' id='word_1_62' title='bbox 493 1156 629 1196; x_wconf 88' lang='lat' dir='ltr'><strong>versuum</strong></span> <span class='ocrx_word' id='word_1_63' title='bbox 644 1138 817 1217; x_wconf 86' lang='lat' dir='ltr'><strong>plerumque</strong></span> <span class='ocrx_word' id='word_1_64' title='bbox 841 1134 971 1195; x_wconf 86' lang='lat' dir='ltr'><strong>ultimam</strong></span> <span class='ocrx_word' id='word_1_65' title='bbox 990 1156 1098 1213; x_wconf 80' lang='lat' dir='ltr'><strong>vocem</strong></span> <span class='ocrx_word' id='word_1_66' title='bbox 1112 1157 1150 1198; x_wconf 85' lang='lat' dir='ltr'><strong>ex</strong></span> <span class='ocrx_word' id='word_1_67' title='bbox 1163 1159 1182 1216; x_wconf 93' lang='lat' dir='ltr'><strong>q</strong></span> 
     </span>
     <span class='ocr_line' id='line_1_10' title="bbox 110 1215 1183 1298; baseline -0.003 -18"><span class='ocrx_word' id='word_1_68' title='bbox 110 1232 180 1280; x_wconf 86' lang='lat' dir='ltr'><strong>tuor</strong></span> <span class='ocrx_word' id='word_1_69' title='bbox 193 1218 310 1298; x_wconf 75' lang='lat' dir='ltr'><strong>syllabis</strong></span> <span class='ocrx_word' id='word_1_70' title='bbox 325 1229 460 1279; x_wconf 86' lang='lat' dir='ltr'><strong>constare</strong></span> <span class='ocrx_word' id='word_1_71' title='bbox 474 1218 639 1287; x_wconf 87' lang='lat' dir='ltr'><strong>voluerunt,</strong></span> <span class='ocrx_word' id='word_1_72' title='bbox 655 1217 724 1297; x_wconf 91' lang='lat' dir='ltr'><strong>quia</strong></span> <span class='ocrx_word' id='word_1_73' title='bbox 736 1217 779 1275; x_wconf 93' lang='lat' dir='ltr'><strong>sic</strong></span> <span class='ocrx_word' id='word_1_74' title='bbox 793 1216 822 1274; x_wconf 91' lang='lat' dir='ltr'><strong>in</strong></span> <span class='ocrx_word' id='word_1_75' title='bbox 837 1215 880 1287; x_wconf 86' lang='lat' dir='ltr'><strong>iii,</strong></span> <span class='ocrx_word' id='word_1_76' title='bbox 896 1237 961 1296; x_wconf 90' lang='lat' dir='ltr'><strong>quae</strong></span> <span class='ocrx_word' id='word_1_77' title='bbox 975 1236 1040 1277; x_wconf 86' lang='lat' dir='ltr'><strong>eum</strong></span> <span class='ocrx_word' id='word_1_78' title='bbox 1054 1238 1183 1298; x_wconf 80' lang='lat' dir='ltr'><strong>vocemp</strong></span> 
     </span>
     <span class='ocr_line' id='line_1_11' title="bbox 110 1298 1183 1381; baseline 0 -22"><span class='ocrx_word' id='word_1_79' title='bbox 110 1301 233 1372; x_wconf 86' lang='lat' dir='ltr'><strong>cedunt,</strong></span> <span class='ocrx_word' id='word_1_80' title='bbox 246 1300 309 1360; x_wconf 86' lang='lat' dir='ltr'><strong>fere</strong></span> <span class='ocrx_word' id='word_1_81' title='bbox 323 1299 426 1360; x_wconf 88' lang='lat' dir='ltr'><strong>evitari</strong></span> <span class='ocrx_word' id='word_1_82' title='bbox 440 1311 538 1380; x_wconf 90' lang='lat' dir='ltr'><strong>potest</strong></span> <span class='ocrx_word' id='word_1_83' title='bbox 561 1299 637 1358; x_wconf 91' lang='lat' dir='ltr'><strong>ictus</strong></span> <span class='ocrx_word' id='word_1_84' title='bbox 661 1301 691 1357; x_wconf 90' lang='lat' dir='ltr'><strong>iu</strong></span> <span class='ocrx_word' id='word_1_85' title='bbox 717 1298 846 1359; x_wconf 89' lang='lat' dir='ltr'><strong>ultimam</strong></span> <span class='ocrx_word' id='word_1_86' title='bbox 871 1298 1016 1375; x_wconf 86' lang='lat' dir='ltr'><strong>incidens:</strong></span> <span class='ocrx_word' id='word_1_87' title='bbox 1037 1301 1183 1381; x_wconf 88' lang='lat' dir='ltr'><strong>utapudl</strong></span> 
     </span>
     <span class='ocr_line' id='line_1_12' title="bbox 113 1381 425 1462; baseline -0.006 -21"><span class='ocrx_word' id='word_1_88' title='bbox 113 1381 241 1462; x_wconf 82' lang='lat' dir='ltr'><strong>partium</strong></span> <span class='ocrx_word' id='word_1_89' title='bbox 256 1381 298 1442; x_wconf 95' lang='grc'><strong>11.</strong></span> <span class='ocrx_word' id='word_1_90' title='bbox 313 1386 362 1455; x_wconf 88' lang='grc'><strong>14,</strong></span> <span class='ocrx_word' id='word_1_91' title='bbox 375 1386 425 1443; x_wconf 96' lang='grc'><strong>49.</strong></span> 
     </span>
    </p>
   </div>
   <div class='ocr_carea' id='block_1_6' title="bbox 185 1497 803 1570">
    <p class='ocr_par' dir='ltr' id='par_1_7' title="bbox 185 1497 803 1570">
     <span class='ocr_line' id='line_1_13' title="bbox 185 1497 803 1570; baseline 0.003 -16"><span class='ocrx_word' id='word_1_92' title='bbox 185 1508 248 1554; x_wconf 88' lang='lat' dir='ltr'><strong>sunt</strong></span> <span class='ocrx_word' id='word_1_93' title='bbox 260 1498 331 1570; x_wconf 88' lang='lat' dir='ltr'><strong>apud</strong></span> <span class='ocrx_word' id='word_1_94' title='bbox 342 1497 461 1554; x_wconf 82' lang='lat' dir='ltr'><strong>infernos</strong></span> <span class='ocrx_word' id='word_1_95' title='bbox 472 1508 515 1554; x_wconf 91' lang='lat' dir='ltr'><strong>tot</strong></span> <span class='ocrx_word' id='word_1_96' title='bbox 526 1499 609 1555; x_wconf 84' lang='lat' dir='ltr'><strong>millis</strong></span> <span class='ocrx_word' id='word_1_97' title='bbox 619 1497 803 1556; x_wconf 78' lang='lat' dir='ltr'><strong>formosarum.</strong></span> 
     </span>
    </p>
   </div>
   <div class='ocr_carea' id='block_1_7' title="bbox 111 1595 1183 2088">
    <p class='ocr_par' dir='ltr' id='par_1_8' title="bbox 111 1595 1183 2088">
     <span class='ocr_line' id='line_1_14' title="bbox 112 1595 1183 1681; baseline 0.002 -23"><span class='ocrx_word' id='word_1_98' title='bbox 112 1601 190 1661; x_wconf 85' lang='lat' dir='ltr'><strong>Vide</strong></span> <span class='ocrx_word' id='word_1_99' title='bbox 206 1601 364 1674; x_wconf 88' lang='lat' dir='ltr'><strong>Catullum,</strong></span> <span class='ocrx_word' id='word_1_100' title='bbox 379 1602 428 1681; x_wconf 96' lang='lat' dir='ltr'><strong>qui</strong></span> <span class='ocrx_word' id='word_1_101' title='bbox 443 1621 502 1680; x_wconf 86' lang='lat' dir='ltr'><strong>prae</strong></span> <span class='ocrx_word' id='word_1_102' title='bbox 516 1603 629 1662; x_wconf 89' lang='lat' dir='ltr'><strong>caeteris</strong></span> <span class='ocrx_word' id='word_1_103' title='bbox 642 1595 704 1662; x_wconf 72' lang='lat' dir='ltr'><strong>hoc&#39;</strong></span> <span class='ocrx_word' id='word_1_104' title='bbox 715 1602 797 1662; x_wconf 86' lang='lat' dir='ltr'><strong>exitu</strong></span> <span class='ocrx_word' id='word_1_105' title='bbox 812 1600 973 1662; x_wconf 87' lang='lat' dir='ltr'><strong>delectatus</strong></span> <span class='ocrx_word' id='word_1_106' title='bbox 987 1611 1041 1672; x_wconf 90' lang='lat' dir='ltr'><strong>est,</strong></span> <span class='ocrx_word' id='word_1_107' title='bbox 1063 1600 1096 1661; x_wconf 91' lang='lat' dir='ltr'><strong>in</strong></span> <span class='ocrx_word' id='word_1_108' title='bbox 1119 1602 1183 1680; x_wconf 83' lang='lat' dir='ltr'><strong>Epir</strong></span> 
     </span>
     <span class='ocr_line' id='line_1_15' title="bbox 112 1682 1183 1750; baseline 0.003 -8"><span class='ocrx_word' id='word_1_109' title='bbox 112 1682 178 1743; x_wconf 80' lang='lat' dir='ltr'><strong>Pei.</strong></span> <span class='ocrx_word' id='word_1_110' title='bbox 191 1701 219 1741; x_wconf 84' lang='lat' dir='ltr'><strong>v.</strong></span> <span class='ocrx_word' id='word_1_111' title='bbox 240 1689 269 1745; x_wconf 85' lang='grc'><strong>3.</strong></span> <span class='ocrx_word' id='word_1_112' title='bbox 292 1688 340 1745; x_wconf 91' lang='lat' dir='ltr'><strong>ll.</strong></span> <span class='ocrx_word' id='word_1_113' title='bbox 355 1690 403 1745; x_wconf 85' lang='lat'><strong>15.</strong></span> <span class='ocrx_word' id='word_1_114' title='bbox 419 1687 469 1744; x_wconf 79' lang='grc'><strong>94.</strong></span> <span class='ocrx_word' id='word_1_115' title='bbox 483 1688 532 1745; x_wconf 77' lang='grc'><strong>98.</strong></span> <span class='ocrx_word' id='word_1_116' title='bbox 547 1690 596 1746; x_wconf 83' lang='grc'><strong>96.</strong></span> <span class='ocrx_word' id='word_1_117' title='bbox 618 1689 668 1747; x_wconf 94' lang='grc'><strong>67.</strong></span> <span class='ocrx_word' id='word_1_118' title='bbox 689 1687 738 1746; x_wconf 86' lang='grc'><strong>71.</strong></span> <span class='ocrx_word' id='word_1_119' title='bbox 759 1687 809 1746; x_wconf 85' lang='grc'><strong>78.</strong></span> <span class='ocrx_word' id='word_1_120' title='bbox 829 1689 878 1750; x_wconf 91' lang='grc'><strong>79.</strong></span> <span class='ocrx_word' id='word_1_121' title='bbox 902 1689 950 1746; x_wconf 91' lang='grc'><strong>80.</strong></span> <span class='ocrx_word' id='word_1_122' title='bbox 973 1688 1021 1744; x_wconf 85' lang='grc'><strong>83.</strong></span> <span class='ocrx_word' id='word_1_123' title='bbox 1037 1688 1089 1744; x_wconf 92' lang='grc'><strong>91.</strong></span> <span class='ocrx_word' id='word_1_124' title='bbox 1110 1689 1157 1747; x_wconf 85' lang='grc'><strong>98.</strong></span> <span class='ocrx_word' id='word_1_125' title='bbox 1179 1691 1183 1745; x_wconf 89' lang='grc'><strong>1</strong></span> 
     </span>
     <span class='ocr_line' id='line_1_16' title="bbox 113 1760 1173 1830; baseline -0.002 -7"><span class='ocrx_word' id='word_1_126' title='bbox 113 1760 183 1825; x_wconf 89' lang='grc'><strong>956.</strong></span> <span class='ocrx_word' id='word_1_127' title='bbox 200 1769 270 1826; x_wconf 97' lang='grc'><strong>958.</strong></span> <span class='ocrx_word' id='word_1_128' title='bbox 284 1768 354 1829; x_wconf 87' lang='grc'><strong>969.</strong></span> <span class='ocrx_word' id='word_1_129' title='bbox 368 1770 437 1830; x_wconf 83' lang='grc'><strong>974.</strong></span> <span class='ocrx_word' id='word_1_130' title='bbox 452 1768 522 1828; x_wconf 89' lang='grc'><strong>977.</strong></span> <span class='ocrx_word' id='word_1_131' title='bbox 538 1770 607 1827; x_wconf 87' lang='grc'><strong>309.</strong></span> <span class='ocrx_word' id='word_1_132' title='bbox 622 1770 694 1827; x_wconf 89' lang='grc'><strong>359.</strong></span> <span class='ocrx_word' id='word_1_133' title='bbox 707 1764 819 1824; x_wconf 89' lang='lat' dir='ltr'><strong>LXVI.</strong></span> <span class='ocrx_word' id='word_1_134' title='bbox 840 1770 869 1824; x_wconf 83' lang='grc'><strong>9.</strong></span> <span class='ocrx_word' id='word_1_135' title='bbox 889 1769 939 1825; x_wconf 89' lang='grc'><strong>61.</strong></span> <span class='ocrx_word' id='word_1_136' title='bbox 960 1763 1108 1825; x_wconf 87' lang='lat' dir='ltr'><strong>LXVIII.</strong></span> <span class='ocrx_word' id='word_1_137' title='bbox 1127 1771 1173 1826; x_wconf 89' lang='grc'><strong>65.</strong></span> 
     </span>
     <span class='ocr_line' id='line_1_17' title="bbox 115 1844 1180 1924; baseline 0.001 -19"><span class='ocrx_word' id='word_1_138' title='bbox 115 1850 183 1906; x_wconf 90' lang='grc'><strong>109.</strong></span> <span class='ocrx_word' id='word_1_139' title='bbox 198 1846 338 1906; x_wconf 87' lang='lat' dir='ltr'><strong>LXXVI.</strong></span> <span class='ocrx_word' id='word_1_140' title='bbox 354 1852 402 1908; x_wconf 92' lang='grc'><strong>15.</strong></span> <span class='ocrx_word' id='word_1_141' title='bbox 417 1848 452 1906; x_wconf 89' lang='lat' dir='ltr'><strong>C.</strong></span> <span class='ocrx_word' id='word_1_142' title='bbox 470 1852 496 1906; x_wconf 94' lang='grc'><strong>1.</strong></span> <span class='ocrx_word' id='word_1_143' title='bbox 512 1847 625 1906; x_wconf 87' lang='lat' dir='ltr'><strong>CXVI.</strong></span> <span class='ocrx_word' id='word_1_144' title='bbox 640 1853 669 1909; x_wconf 87' lang='grc'><strong>3.</strong></span> <span class='ocrx_word' id='word_1_145' title='bbox 684 1844 821 1924; x_wconf 88' lang='lat' dir='ltr'><strong>Propert.</strong></span> <span class='ocrx_word' id='word_1_146' title='bbox 835 1845 861 1906; x_wconf 92' lang='lat' dir='ltr'><strong>l.</strong></span> <span class='ocrx_word' id='word_1_147' title='bbox 878 1849 922 1914; x_wconf 89' lang='grc'><strong>13,</strong></span> <span class='ocrx_word' id='word_1_148' title='bbox 939 1848 988 1904; x_wconf 93' lang='grc'><strong>31.</strong></span> <span class='ocrx_word' id='word_1_149' title='bbox 1007 1850 1053 1918; x_wconf 89' lang='grc'><strong>19,</strong></span> <span class='ocrx_word' id='word_1_150' title='bbox 1073 1851 1122 1906; x_wconf 90' lang='grc'><strong>13.</strong></span> <span class='ocrx_word' id='word_1_151' title='bbox 1135 1852 1180 1917; x_wconf 90' lang='grc'><strong>90,</strong></span> 
     </span>
     <span class='ocr_line' id='line_1_18' title="bbox 112 1927 1172 2009; baseline -0.001 -23"><span class='ocrx_word' id='word_1_152' title='bbox 112 1928 155 1988; x_wconf 95' lang='lat' dir='ltr'><strong>II.</strong></span> <span class='ocrx_word' id='word_1_153' title='bbox 170 1933 202 1999; x_wconf 89' lang='grc'><strong>9,</strong></span> <span class='ocrx_word' id='word_1_154' title='bbox 215 1932 265 1988; x_wconf 92' lang='grc'><strong>61.</strong></span> <span class='ocrx_word' id='word_1_155' title='bbox 278 1928 337 1988; x_wconf 91' lang='grc'><strong>111.</strong></span> <span class='ocrx_word' id='word_1_156' title='bbox 351 1935 382 1999; x_wconf 90' lang='grc'><strong>5,</strong></span> <span class='ocrx_word' id='word_1_157' title='bbox 399 1933 446 1989; x_wconf 90' lang='grc'><strong>99.</strong></span> <span class='ocrx_word' id='word_1_158' title='bbox 466 1927 521 1986; x_wconf 86' lang='lat' dir='ltr'><strong>IV.</strong></span> <span class='ocrx_word' id='word_1_159' title='bbox 534 1936 565 1997; x_wconf 87' lang='grc'><strong>4,</strong></span> <span class='ocrx_word' id='word_1_160' title='bbox 581 1931 631 1990; x_wconf 88' lang='grc'><strong>71.</strong></span> <span class='ocrx_word' id='word_1_161' title='bbox 653 1927 758 1986; x_wconf 81' lang='lat' dir='ltr'><strong>Rarius</strong></span> <span class='ocrx_word' id='word_1_162' title='bbox 770 1927 884 2004; x_wconf 84' lang='lat' dir='ltr'><strong>longior</strong></span> <span class='ocrx_word' id='word_1_163' title='bbox 905 1936 1043 2009; x_wconf 84' lang='lat' dir='ltr'><strong>quattuor</strong></span> <span class='ocrx_word' id='word_1_164' title='bbox 1057 1928 1172 2007; x_wconf 87' lang='lat' dir='ltr'><strong>syllabis</strong></span> 
     </span>
     <span class='ocr_line' id='line_1_19' title="bbox 111 2007 945 2088; baseline 0.002 -21"><span class='ocrx_word' id='word_1_165' title='bbox 111 2009 144 2067; x_wconf 90' lang='lat' dir='ltr'><strong>in</strong></span> <span class='ocrx_word' id='word_1_166' title='bbox 157 2008 216 2067; x_wconf 88' lang='lat' dir='ltr'><strong>fine</strong></span> <span class='ocrx_word' id='word_1_167' title='bbox 230 2019 284 2082; x_wconf 89' lang='lat' dir='ltr'><strong>est,</strong></span> <span class='ocrx_word' id='word_1_168' title='bbox 300 2020 333 2068; x_wconf 92' lang='lat' dir='ltr'><strong>ut</strong></span> <span class='ocrx_word' id='word_1_169' title='bbox 346 2009 424 2088; x_wconf 89' lang='lat' dir='ltr'><strong>apud</strong></span> <span class='ocrx_word' id='word_1_170' title='bbox 440 2008 548 2069; x_wconf 89' lang='lat' dir='ltr'><strong>Catull.</strong></span> <span class='ocrx_word' id='word_1_171' title='bbox 564 2008 693 2088; x_wconf 79' lang='lat' dir='ltr'><strong>Epithal.</strong></span> <span class='ocrx_word' id='word_1_172' title='bbox 709 2007 771 2067; x_wconf 92' lang='lat' dir='ltr'><strong>Pel.</strong></span> <span class='ocrx_word' id='word_1_173' title='bbox 793 2012 863 2069; x_wconf 91' lang='grc'><strong>986.</strong></span> <span class='ocrx_word' id='word_1_174' title='bbox 943 2012 945 2016; x_wconf 50' lang='lat'><strong><em>⁴</em></strong></span> 
     </span>
    </p>
   </div>
   <div class='ocr_carea' id='block_1_8' title="bbox 180 2106 860 2198">
    <p class='ocr_par' dir='ltr' id='par_1_9' title="bbox 180 2106 860 2198">
     <span class='ocr_line' id='line_1_20' title="bbox 180 2106 860 2198; baseline 0 -19"><span class='ocrx_word' id='word_1_175' title='bbox 180 2124 291 2197; x_wconf 83' lang='lat' dir='ltr'><strong>Tempe,</strong></span> <span class='ocrx_word' id='word_1_176' title='bbox 301 2141 361 2198; x_wconf 80' lang='lat' dir='ltr'><strong>quae</strong></span> <span class='ocrx_word' id='word_1_177' title='bbox 371 2106 448 2181; x_wconf 78' lang='lat' dir='ltr'><strong>&#39;silva</strong></span> <span class='ocrx_word' id='word_1_178' title='bbox 461 2125 572 2196; x_wconf 86' lang='lat' dir='ltr'><strong>cingunt</strong></span> <span class='ocrx_word' id='word_1_179' title='bbox 585 2107 860 2196; x_wconf 87' lang='lat' dir='ltr'><strong>superimpendentes,</strong></span> 
     </span>
    </p>
   </div>
   <div class='ocr_carea' id='block_1_9' title="bbox 80 2225 1183 2471">
    <p class='ocr_par' dir='ltr' id='par_1_10' title="bbox 80 2225 1183 2471">
     <span class='ocr_line' id='line_1_21' title="bbox 112 2225 1183 2308; baseline -0.003 -20"><span class='ocrx_word' id='word_1_180' title='bbox 112 2226 169 2288; x_wconf 88' lang='lat' dir='ltr'><strong>nisi</strong></span> <span class='ocrx_word' id='word_1_181' title='bbox 183 2228 241 2288; x_wconf 93' lang='lat' dir='ltr'><strong>hoc</strong></span> <span class='ocrx_word' id='word_1_182' title='bbox 254 2228 343 2288; x_wconf 81' lang='lat' dir='ltr'><strong>dividi</strong></span> <span class='ocrx_word' id='word_1_183' title='bbox 357 2228 464 2308; x_wconf 84' lang='lat' dir='ltr'><strong>placet.</strong></span> <span class='ocrx_word' id='word_1_184' title='bbox 506 2228 668 2308; x_wconf 84' lang='lat' dir='ltr'><strong>Trisyllaba</strong></span> <span class='ocrx_word' id='word_1_185' title='bbox 688 2226 831 2286; x_wconf 88' lang='lat' dir='ltr'><strong>vocabula</strong></span> <span class='ocrx_word' id='word_1_186' title='bbox 854 2226 884 2285; x_wconf 86' lang='lat' dir='ltr'><strong>in</strong></span> <span class='ocrx_word' id='word_1_187' title='bbox 909 2225 976 2297; x_wconf 86' lang='lat' dir='ltr'><strong>fine,</strong></span> <span class='ocrx_word' id='word_1_188' title='bbox 1002 2238 1126 2308; x_wconf 89' lang='lat' dir='ltr'><strong>propter</strong></span> <span class='ocrx_word' id='word_1_189' title='bbox 1143 2227 1183 2286; x_wconf 87' lang='lat' dir='ltr'><strong>ict</strong></span> 
     </span>
     <span class='ocr_line' id='line_1_22' title="bbox 80 2307 1183 2390; baseline 0 -22"><span class='ocrx_word' id='word_1_190' title='bbox 80 2314 86 2331; x_wconf 82' lang='lat'><strong><em>¹</em></strong></span> <span class='ocrx_word' id='word_1_191' title='bbox 112 2309 165 2387; x_wconf 88' lang='lat' dir='ltr'><strong>qui</strong></span> <span class='ocrx_word' id='word_1_192' title='bbox 178 2319 241 2368; x_wconf 90' lang='lat' dir='ltr'><strong>tuin</strong></span> <span class='ocrx_word' id='word_1_193' title='bbox 254 2309 284 2367; x_wconf 91' lang='lat' dir='ltr'><strong>iii</strong></span> <span class='ocrx_word' id='word_1_194' title='bbox 300 2310 431 2369; x_wconf 87' lang='lat' dir='ltr'><strong>ultimam</strong></span> <span class='ocrx_word' id='word_1_195' title='bbox 445 2309 639 2390; x_wconf 84' lang='lat' dir='ltr'><strong>praecedentis</strong></span> <span class='ocrx_word' id='word_1_196' title='bbox 650 2307 784 2369; x_wconf 86' lang='lat' dir='ltr'><strong>vocabuli</strong></span> <span class='ocrx_word' id='word_1_197' title='bbox 795 2307 935 2387; x_wconf 88' lang='lat' dir='ltr'><strong>syllabam</strong></span> <span class='ocrx_word' id='word_1_198' title='bbox 945 2307 1059 2384; x_wconf 89' lang='lat' dir='ltr'><strong>incidit,</strong></span> <span class='ocrx_word' id='word_1_199' title='bbox 1074 2310 1183 2388; x_wconf 78' lang='lat' dir='ltr'><strong>minusy</strong></span> 
     </span>
     <span class='ocr_line' id='line_1_23' title="bbox 112 2389 830 2471; baseline 0.001 -23"><span class='ocrx_word' id='word_1_200' title='bbox 112 2389 229 2450; x_wconf 82' lang='lat' dir='ltr'><strong>bantur.</strong></span> <span class='ocrx_word' id='word_1_201' title='bbox 273 2390 322 2452; x_wconf 91' lang='lat' dir='ltr'><strong>Sic</strong></span> <span class='ocrx_word' id='word_1_202' title='bbox 335 2391 413 2471; x_wconf 89' lang='lat' dir='ltr'><strong>apud</strong></span> <span class='ocrx_word' id='word_1_203' title='bbox 428 2391 577 2450; x_wconf 90' lang='lat' dir='ltr'><strong>Catullum</strong></span> <span class='ocrx_word' id='word_1_204' title='bbox 591 2403 635 2451; x_wconf 92' lang='lat' dir='ltr'><strong>est</strong></span> <span class='ocrx_word' id='word_1_205' title='bbox 656 2390 767 2449; x_wconf 93' lang='lat' dir='ltr'><strong>LXVI.</strong></span> <span class='ocrx_word' id='word_1_206' title='bbox 781 2392 830 2453; x_wconf 86' lang='grc'><strong>57.</strong></span> 
     </span>
    </p>
   </div>
   <div class='ocr_carea' id='block_1_10' title="bbox 114 2501 810 2801">
    <p class='ocr_par' dir='ltr' id='par_1_11' title="bbox 114 2501 810 2801">
     <span class='ocr_line' id='line_1_24' title="bbox 181 2501 810 2579; baseline 0.003 -20"><span class='ocrx_word' id='word_1_207' title='bbox 181 2506 240 2578; x_wconf 90' lang='lat' dir='ltr'><strong>ipsa</strong></span> <span class='ocrx_word' id='word_1_208' title='bbox 251 2525 329 2563; x_wconf 90' lang='lat' dir='ltr'><strong>suum</strong></span> <span class='ocrx_word' id='word_1_209' title='bbox 343 2507 497 2579; x_wconf 84' lang='lat' dir='ltr'><strong>Zephyritis</strong></span> <span class='ocrx_word' id='word_1_210' title='bbox 510 2501 543 2562; x_wconf 86' lang='lat' dir='ltr'><strong>eo</strong></span> <span class='ocrx_word' id='word_1_211' title='bbox 556 2507 684 2565; x_wconf 86' lang='lat' dir='ltr'><strong>famulum</strong></span> <span class='ocrx_word' id='word_1_212' title='bbox 696 2506 810 2579; x_wconf 75' lang='lat' dir='ltr'><strong>legarat:</strong></span> 
     </span>
     <span class='ocr_line' id='line_1_25' title="bbox 114 2609 620 2691; baseline 0.01 -23"><span class='ocrx_word' id='word_1_213' title='bbox 114 2610 195 2688; x_wconf 84' lang='lat' dir='ltr'><strong>apud</strong></span> <span class='ocrx_word' id='word_1_214' title='bbox 210 2609 365 2691; x_wconf 85' lang='lat' dir='ltr'><strong>Virgilium</strong></span> <span class='ocrx_word' id='word_1_215' title='bbox 380 2609 448 2671; x_wconf 88' lang='lat' dir='ltr'><strong>AEn.</strong></span> <span class='ocrx_word' id='word_1_216' title='bbox 467 2610 536 2670; x_wconf 93' lang='lat' dir='ltr'><strong>Vll.</strong></span> <span class='ocrx_word' id='word_1_217' title='bbox 549 2616 620 2673; x_wconf 89' lang='grc'><strong>634.</strong></span> 
     </span>
     <span class='ocr_line' id='line_1_26' title="bbox 149 2728 751 2801; baseline 0.007 -19"><span class='ocrx_word' id='word_1_218' title='bbox 149 2746 153 2751; x_wconf 87' lang='lat'><em>·</em></span> <span class='ocrx_word' id='word_1_219' title='bbox 186 2737 232 2784; x_wconf 89' lang='lat' dir='ltr'><strong>aut</strong></span> <span class='ocrx_word' id='word_1_220' title='bbox 244 2728 309 2784; x_wconf 84' lang='lat' dir='ltr'><strong>levis</strong></span> <span class='ocrx_word' id='word_1_221' title='bbox 321 2746 413 2785; x_wconf 86' lang='lat' dir='ltr'><strong>ocreas</strong></span> <span class='ocrx_word' id='word_1_222' title='bbox 430 2728 506 2783; x_wconf 89' lang='lat' dir='ltr'><strong>leuto</strong></span> <span class='ocrx_word' id='word_1_223' title='bbox 520 2728 622 2785; x_wconf 88' lang='lat' dir='ltr'><strong>ducunt</strong></span> <span class='ocrx_word' id='word_1_224' title='bbox 633 2740 751 2801; x_wconf 85' lang='lat' dir='ltr'><strong>argento.</strong></span> 
     </span>
    </p>
   </div>
   <div class='ocr_carea' id='block_1_11' title="bbox 68 2812 1183 2992">
    <p class='ocr_par' dir='ltr' id='par_1_12' title="bbox 68 2812 1183 2992">
     <span class='ocr_line' id='line_1_27' title="bbox 68 2812 1183 2916; baseline 0.004 -27"><span class='ocrx_word' id='word_1_225' title='bbox 68 2812 69 2815; x_wconf 8' lang='grc' dir='ltr'><strong>Ἴ</strong></span> <span class='ocrx_word' id='word_1_226' title='bbox 114 2831 252 2892; x_wconf 85' lang='lat' dir='ltr'><strong>Eritatur</strong></span> <span class='ocrx_word' id='word_1_227' title='bbox 274 2833 414 2911; x_wconf 87' lang='lat' dir='ltr'><strong>asperitas</strong></span> <span class='ocrx_word' id='word_1_228' title='bbox 437 2852 517 2892; x_wconf 88' lang='lat' dir='ltr'><strong>nunc</strong></span> <span class='ocrx_word' id='word_1_229' title='bbox 538 2833 654 2895; x_wconf 82' lang='lat' dir='ltr'><strong>insertis</strong></span> <span class='ocrx_word' id='word_1_230' title='bbox 667 2831 849 2894; x_wconf 84' lang='lat' dir='ltr'><strong>brevioribus</strong></span> <span class='ocrx_word' id='word_1_231' title='bbox 863 2831 993 2907; x_wconf 82' lang='lat' dir='ltr'><strong>vocibus,</strong></span> <span class='ocrx_word' id='word_1_232' title='bbox 1007 2843 1041 2894; x_wconf 91' lang='lat' dir='ltr'><strong>nt</strong></span> <span class='ocrx_word' id='word_1_233' title='bbox 1054 2833 1134 2916; x_wconf 84' lang='lat' dir='ltr'><strong>apud</strong></span> <span class='ocrx_word' id='word_1_234' title='bbox 1146 2832 1183 2894; x_wconf 82' lang='lat' dir='ltr'><strong>es</strong></span> 
     </span>
     <span class='ocr_line' id='line_1_28' title="bbox 114 2912 530 2992; baseline 0.012 -24"><span class='ocrx_word' id='word_1_235' title='bbox 114 2912 177 2971; x_wconf 91' lang='lat' dir='ltr'><strong>lum</strong></span> <span class='ocrx_word' id='word_1_236' title='bbox 197 2913 227 2971; x_wconf 91' lang='lat' dir='ltr'><strong>in</strong></span> <span class='ocrx_word' id='word_1_237' title='bbox 249 2913 378 2992; x_wconf 88' lang='lat' dir='ltr'><strong>Epithal.</strong></span> <span class='ocrx_word' id='word_1_238' title='bbox 403 2913 467 2974; x_wconf 86' lang='lat' dir='ltr'><strong>Pel.</strong></span> <span class='ocrx_word' id='word_1_239' title='bbox 480 2919 530 2973; x_wconf 88' lang='grc'><strong>44.</strong></span> 
     </span>
    </p>
   </div>
   <div class='ocr_carea' id='block_1_12' title="bbox 106 3027 863 3196">
    <p class='ocr_par' dir='ltr' id='par_1_13' title="bbox 106 3027 863 3196">
     <span class='ocr_line' id='line_1_29' title="bbox 186 3027 863 3104; baseline 0.009 -22"><span class='ocrx_word' id='word_1_240' title='bbox 186 3028 266 3099; x_wconf 86' lang='lat' dir='ltr'><strong>regia,</strong></span> <span class='ocrx_word' id='word_1_241' title='bbox 278 3027 391 3099; x_wconf 86' lang='lat' dir='ltr'><strong>fulgenti</strong></span> <span class='ocrx_word' id='word_1_242' title='bbox 403 3028 545 3100; x_wconf 90' lang='lat' dir='ltr'><strong>splendent</strong></span> <span class='ocrx_word' id='word_1_243' title='bbox 563 3048 628 3087; x_wconf 88' lang='lat' dir='ltr'><strong>auro</strong></span> <span class='ocrx_word' id='word_1_244' title='bbox 640 3039 720 3104; x_wconf 84' lang='lat' dir='ltr'><strong>atqua</strong></span> <span class='ocrx_word' id='word_1_245' title='bbox 737 3041 863 3104; x_wconf 70' lang='lat' dir='ltr'><strong>argentm</strong></span> 
     </span>
     <span class='ocr_line' id='line_1_30' title="bbox 106 3129 423 3196; baseline 0.003 -4"><span class='ocrx_word' id='word_1_246' title='bbox 106 3141 146 3192; x_wconf 70' lang='lat' dir='ltr'><strong>&#39;et</strong></span> <span class='ocrx_word' id='word_1_247' title='bbox 160 3129 230 3192; x_wconf 89' lang='lat' dir='ltr'><strong>AEn.</strong></span> <span class='ocrx_word' id='word_1_248' title='bbox 251 3132 338 3192; x_wconf 92' lang='lat' dir='ltr'><strong>VIII.</strong></span> <span class='ocrx_word' id='word_1_249' title='bbox 351 3136 423 3196; x_wconf 93' lang='grc'><strong>679.</strong></span> 
     </span>
    </p>
   </div>
   <div class='ocr_carea' id='block_1_13' title="bbox 114 3248 1108 3437">
    <p class='ocr_par' dir='ltr' id='par_1_14' title="bbox 114 3226 1108 3437">
     <span class='ocr_line' id='line_1_31' title="bbox 186 3248 1041 3335; baseline 0.005 -30"><span class='ocrx_word' id='word_1_250' title='bbox 186 3266 245 3305; x_wconf 90' lang='lat' dir='ltr'><strong>cum</strong></span> <span class='ocrx_word' id='word_1_251' title='bbox 256 3248 367 3320; x_wconf 88' lang='lat' dir='ltr'><strong>populo,</strong></span> <span class='ocrx_word' id='word_1_252' title='bbox 379 3250 559 3324; x_wconf 85' lang='lat' dir='ltr'><strong>patribusque,</strong></span> <span class='ocrx_word' id='word_1_253' title='bbox 570 3252 719 3335; x_wconf 76' lang='lat' dir='ltr'><strong>penatibus,</strong></span> <span class='ocrx_word' id='word_1_254' title='bbox 729 3263 758 3310; x_wconf 89' lang='lat' dir='ltr'><strong>et</strong></span> <span class='ocrx_word' id='word_1_255' title='bbox 769 3254 868 3327; x_wconf 86' lang='lat' dir='ltr'><strong>magnis</strong></span> <span class='ocrx_word' id='word_1_256' title='bbox 880 3253 936 3310; x_wconf 90' lang='lat' dir='ltr'><strong>dis:</strong></span> <span class='ocrx_word' id='word_1_257' title='bbox 964 3256 973 3271; x_wconf 64' lang='lat'>²</span> <span class='ocrx_word' id='word_1_258' title='bbox 1038 3328 1041 3335; x_wconf 29' lang='grc' dir='ltr'>Ι</span> 
     </span>
     <span class='ocr_line' id='line_1_32' title="bbox 114 3353 1108 3437; baseline 0.007 -24"><span class='ocrx_word' id='word_1_259' title='bbox 114 3371 194 3413; x_wconf 89' lang='lat' dir='ltr'><strong>nunc</strong></span> <span class='ocrx_word' id='word_1_260' title='bbox 207 3353 340 3432; x_wconf 86' lang='lat' dir='ltr'><strong>longiore</strong></span> <span class='ocrx_word' id='word_1_261' title='bbox 354 3353 558 3432; x_wconf 85' lang='lat' dir='ltr'><strong>praemittendo</strong></span> <span class='ocrx_word' id='word_1_262' title='bbox 572 3357 726 3430; x_wconf 89' lang='lat' dir='ltr'><strong>vocabulo,</strong></span> <span class='ocrx_word' id='word_1_263' title='bbox 742 3369 773 3416; x_wconf 92' lang='lat' dir='ltr'><strong>ut</strong></span> <span class='ocrx_word' id='word_1_264' title='bbox 788 3358 818 3417; x_wconf 91' lang='lat' dir='ltr'><strong>iu</strong></span> <span class='ocrx_word' id='word_1_265' title='bbox 833 3360 944 3437; x_wconf 87' lang='lat' dir='ltr'><strong>Georg.</strong></span> <span class='ocrx_word' id='word_1_266' title='bbox 959 3358 1018 3420; x_wconf 92' lang='grc'><strong>111.</strong></span> <span class='ocrx_word' id='word_1_267' title='bbox 1038 3361 1108 3425; x_wconf 80' lang='grc'><strong>976.</strong></span> 
     </span>
    </p>
   </div>
   <div class='ocr_carea' id='block_1_14' title="bbox 56 3472 833 3546">
    <p class='ocr_par' dir='ltr' id='par_1_15' title="bbox 56 3472 833 3546">
     <span class='ocr_line' id='line_1_33' title="bbox 56 3472 833 3546; baseline 0.01 -22"><span class='ocrx_word' id='word_1_268' title='bbox 56 3540 61 3546; x_wconf 21' lang='lat'>¹</span> <span class='ocrx_word' id='word_1_269' title='bbox 186 3489 250 3525; x_wconf 82' lang='lat' dir='ltr'><strong>saxa</strong></span> <span class='ocrx_word' id='word_1_270' title='bbox 260 3488 308 3541; x_wconf 91' lang='lat' dir='ltr'><strong>per</strong></span> <span class='ocrx_word' id='word_1_271' title='bbox 320 3482 348 3526; x_wconf 90' lang='lat' dir='ltr'><strong>et</strong></span> <span class='ocrx_word' id='word_1_272' title='bbox 361 3472 486 3543; x_wconf 89' lang='lat' dir='ltr'><strong>scopulos</strong></span> <span class='ocrx_word' id='word_1_273' title='bbox 503 3483 531 3528; x_wconf 92' lang='lat' dir='ltr'><strong>et</strong></span> <span class='ocrx_word' id='word_1_274' title='bbox 549 3473 686 3545; x_wconf 86' lang='lat' dir='ltr'><strong>depressas</strong></span> <span class='ocrx_word' id='word_1_275' title='bbox 699 3477 833 3532; x_wconf 82' lang='lat' dir='ltr'><strong>convallis</strong></span> 
     </span>
    </p>
   </div>
   <div class='ocr_carea' id='block_1_15' title="bbox 117 3574 1183 3660">
    <p class='ocr_par' dir='ltr' id='par_1_16' title="bbox 117 3574 1183 3660">
     <span class='ocr_line' id='line_1_34' title="bbox 117 3574 1183 3660; baseline 0.005 -28"><span class='ocrx_word' id='word_1_276' title='bbox 117 3574 168 3634; x_wconf 93' lang='lat' dir='ltr'><strong>ubi</strong></span> <span class='ocrx_word' id='word_1_277' title='bbox 182 3574 325 3634; x_wconf 88' lang='lat' dir='ltr'><strong>videndus</strong></span> <span class='ocrx_word' id='word_1_278' title='bbox 340 3575 470 3636; x_wconf 88' lang='lat' dir='ltr'><strong>Vossius.</strong></span> <span class='ocrx_word' id='word_1_279' title='bbox 512 3576 601 3638; x_wconf 89' lang='lat' dir='ltr'><strong>Adde</strong></span> <span class='ocrx_word' id='word_1_280' title='bbox 627 3579 697 3640; x_wconf 84' lang='lat' dir='ltr'><strong>AEn.</strong></span> <span class='ocrx_word' id='word_1_281' title='bbox 722 3580 794 3641; x_wconf 90' lang='lat' dir='ltr'><strong>vii.</strong></span> <span class='ocrx_word' id='word_1_282' title='bbox 819 3584 889 3642; x_wconf 87' lang='grc'><strong>634.</strong></span> <span class='ocrx_word' id='word_1_283' title='bbox 910 3579 1045 3641; x_wconf 88' lang='lat' dir='ltr'><strong>Catullus</strong></span> <span class='ocrx_word' id='word_1_284' title='bbox 1069 3581 1100 3640; x_wconf 92' lang='lat' dir='ltr'><strong>in</strong></span> <span class='ocrx_word' id='word_1_285' title='bbox 1120 3575 1183 3660; x_wconf 60' lang='lat' dir='ltr'><strong>Epis*</strong></span> 
     </span>
    </p>
   </div>
   <div class='ocr_carea' id='block_1_16' title="bbox 6 3654 323 3720">
    <p class='ocr_par' dir='ltr' id='par_1_17' title="bbox 6 3654 323 3720">
     <span class='ocr_line' id='line_1_35' title="bbox 6 3654 323 3720; baseline 0 -6"><span class='ocrx_word' id='word_1_286' title='bbox 6 3694 9 3701; x_wconf 80' lang='lat'><strong>,</strong></span> <span class='ocrx_word' id='word_1_287' title='bbox 116 3654 179 3717; x_wconf 89' lang='lat' dir='ltr'><strong>Pel.</strong></span> <span class='ocrx_word' id='word_1_288' title='bbox 191 3660 240 3720; x_wconf 88' lang='grc'><strong>74.</strong></span> <span class='ocrx_word' id='word_1_289' title='bbox 255 3660 323 3720; x_wconf 87' lang='grc'><strong>953.</strong></span> 
     </span>
    </p>
   </div>
   <div class='ocr_carea' id='block_1_17' title="bbox 185 3772 828 3929">
    <p class='ocr_par' dir='ltr' id='par_1_18' title="bbox 185 3772 828 3929">
     <span class='ocr_line' id='line_1_36' title="bbox 185 3772 691 3842; baseline 0.004 -14"><span class='ocrx_word' id='word_1_290' title='bbox 185 3790 308 3842; x_wconf 86' lang='lat' dir='ltr'><strong>egressus</strong></span> <span class='ocrx_word' id='word_1_291' title='bbox 323 3772 409 3828; x_wconf 85' lang='lat' dir='ltr'><strong>curvis</strong></span> <span class='ocrx_word' id='word_1_292' title='bbox 422 3791 437 3828; x_wconf 94' lang='lat' dir='ltr'><strong>e</strong></span> <span class='ocrx_word' id='word_1_293' title='bbox 450 3774 584 3831; x_wconf 88' lang='lat' dir='ltr'><strong>littoribus</strong></span> <span class='ocrx_word' id='word_1_294' title='bbox 597 3776 691 3832; x_wconf 85' lang='lat' dir='ltr'><strong>Piraei=</strong></span> 
     </span>
     <span class='ocr_line' id='line_1_37' title="bbox 189 3843 828 3929; baseline 0 -33"><span class='ocrx_word' id='word_1_295' title='bbox 189 3861 249 3896; x_wconf 90' lang='lat' dir='ltr'><strong>curri</strong></span> <span class='ocrx_word' id='word_1_296' title='bbox 262 3843 348 3897; x_wconf 92' lang='lat' dir='ltr'><strong>thiaso</strong></span> <span class='ocrx_word' id='word_1_297' title='bbox 362 3845 515 3914; x_wconf 85' lang='lat' dir='ltr'><strong>Satyrorum</strong></span> <span class='ocrx_word' id='word_1_298' title='bbox 528 3858 558 3929; x_wconf 84' lang='lat' dir='ltr'><strong>et</strong></span> <span class='ocrx_word' id='word_1_299' title='bbox 573 3848 712 3919; x_wconf 86' lang='lat' dir='ltr'><strong>Nysigenis</strong></span> <span class='ocrx_word' id='word_1_300' title='bbox 720 3844 828 3905; x_wconf 69' lang='lat' dir='ltr'><strong>&#39;Silenis</strong></span> 
     </span>
    </p>
   </div>
   <div class='ocr_carea' id='block_1_18' title="bbox 120 3945 1183 4196">
    <p class='ocr_par' dir='ltr' id='par_1_19' title="bbox 120 3945 1183 4196">
     <span class='ocr_line' id='line_1_38' title="bbox 125 3945 477 4010; baseline 0.003 -5"><span class='ocrx_word' id='word_1_301' title='bbox 125 3945 201 4005; x_wconf 91' lang='lat' dir='ltr'><strong>Vide</strong></span> <span class='ocrx_word' id='word_1_302' title='bbox 215 3947 285 4007; x_wconf 90' lang='lat' dir='ltr'><strong>ibid.</strong></span> <span class='ocrx_word' id='word_1_303' title='bbox 298 3966 326 4006; x_wconf 88' lang='lat' dir='ltr'><strong>v.</strong></span> <span class='ocrx_word' id='word_1_304' title='bbox 340 3951 389 4007; x_wconf 89' lang='lat'><strong>96.</strong></span> <span class='ocrx_word' id='word_1_305' title='bbox 406 3953 477 4010; x_wconf 90' lang='grc'><strong>998.</strong></span> 
     </span>
     <span class='ocr_line' id='line_1_39' title="bbox 159 4026 1183 4115; baseline 0.011 -29"><span class='ocrx_word' id='word_1_306' title='bbox 159 4033 208 4086; x_wconf 87' lang='grc'><strong>94.</strong></span> <span class='ocrx_word' id='word_1_307' title='bbox 231 4026 423 4086; x_wconf 89' lang='lat' dir='ltr'><strong>Recentiores</strong></span> <span class='ocrx_word' id='word_1_308' title='bbox 446 4040 477 4088; x_wconf 91' lang='lat' dir='ltr'><strong>et</strong></span> <span class='ocrx_word' id='word_1_309' title='bbox 501 4031 674 4099; x_wconf 86' lang='lat' dir='ltr'><strong>Graecorum</strong></span> <span class='ocrx_word' id='word_1_310' title='bbox 698 4045 729 4094; x_wconf 89' lang='lat' dir='ltr'><strong>et</strong></span> <span class='ocrx_word' id='word_1_311' title='bbox 751 4033 950 4094; x_wconf 87' lang='lat' dir='ltr'><strong>Romanorum</strong></span> <span class='ocrx_word' id='word_1_312' title='bbox 964 4037 1063 4115; x_wconf 77' lang='lat' dir='ltr'><strong>pob&#39;toe</strong></span> <span class='ocrx_word' id='word_1_313' title='bbox 1077 4035 1183 4113; x_wconf 78' lang='lat' dir='ltr'><strong>defugei</strong></span> 
     </span>
     <span class='ocr_line' id='line_1_40' title="bbox 120 4108 1183 4196; baseline 0.013 -35"><span class='ocrx_word' id='word_1_314' title='bbox 120 4126 235 4165; x_wconf 87' lang='lat' dir='ltr'><strong>versum</strong></span> <span class='ocrx_word' id='word_1_315' title='bbox 259 4108 409 4168; x_wconf 90' lang='lat' dir='ltr'><strong>heroicum</strong></span> <span class='ocrx_word' id='word_1_316' title='bbox 433 4128 471 4168; x_wconf 86' lang='lat' dir='ltr'><strong>ex</strong></span> <span class='ocrx_word' id='word_1_317' title='bbox 485 4111 554 4170; x_wconf 89' lang='lat' dir='ltr'><strong>solis</strong></span> <span class='ocrx_word' id='word_1_318' title='bbox 576 4115 713 4191; x_wconf 87' lang='lat' dir='ltr'><strong>spondeis</strong></span> <span class='ocrx_word' id='word_1_319' title='bbox 737 4114 853 4175; x_wconf 85' lang='lat' dir='ltr'><strong>facere:</strong></span> <span class='ocrx_word' id='word_1_320' title='bbox 875 4118 955 4195; x_wconf 93' lang='lat' dir='ltr'><strong>quod</strong></span> <span class='ocrx_word' id='word_1_321' title='bbox 979 4138 1074 4196; x_wconf 86' lang='lat' dir='ltr'><strong>genus</strong></span> <span class='ocrx_word' id='word_1_322' title='bbox 1100 4114 1183 4178; x_wconf 79' lang='lat' dir='ltr'><strong>Marii</strong></span> 
     </span>
    </p>
   </div>
   <div class='ocr_carea' id='block_1_19' title="bbox 120 4187 1183 4351">
    <p class='ocr_par' dir='ltr' id='par_1_20' title="bbox 120 4187 1183 4351">
     <span class='ocr_line' id='line_1_41' title="bbox 121 4187 1183 4286; baseline 0.013 -40"><span class='ocrx_word' id='word_1_323' title='bbox 121 4187 293 4282; x_wconf 78' lang='lat' dir='ltr'><strong>Victorinus</strong></span> <span class='ocrx_word' id='word_1_324' title='bbox 306 4211 338 4285; x_wconf 59' lang='lat' dir='ltr'><strong>p.</strong></span> <span class='ocrx_word' id='word_1_325' title='bbox 351 4195 419 4252; x_wconf 88' lang='lat'><strong>199.</strong></span> <span class='ocrx_word' id='word_1_326' title='bbox 433 4189 539 4286; x_wconf 80' lang='lat' dir='ltr'><strong>durum</strong></span> <span class='ocrx_word' id='word_1_327' title='bbox 553 4211 616 4252; x_wconf 85' lang='lat' dir='ltr'><strong>esse</strong></span> <span class='ocrx_word' id='word_1_328' title='bbox 630 4195 680 4271; x_wconf 89' lang='lat' dir='ltr'><strong>ait,</strong></span> <span class='ocrx_word' id='word_1_329' title='bbox 695 4206 728 4255; x_wconf 93' lang='lat' dir='ltr'><strong>ut</strong></span> <span class='ocrx_word' id='word_1_330' title='bbox 743 4196 870 4258; x_wconf 86' lang='lat' dir='ltr'><strong>Albinus</strong></span> <span class='ocrx_word' id='word_1_331' title='bbox 883 4199 913 4257; x_wconf 90' lang='lat' dir='ltr'><strong>in</strong></span> <span class='ocrx_word' id='word_1_332' title='bbox 927 4198 1013 4276; x_wconf 89' lang='lat' dir='ltr'><strong>libro,</strong></span> <span class='ocrx_word' id='word_1_333' title='bbox 1035 4219 1125 4279; x_wconf 87' lang='lat' dir='ltr'><strong>quem</strong></span> <span class='ocrx_word' id='word_1_334' title='bbox 1136 4199 1183 4260; x_wconf 79' lang='lat' dir='ltr'><strong>dei</strong></span> 
     </span>
     <span class='ocr_line' id='line_1_42' title="bbox 120 4279 604 4351; baseline 0.014 -24"><span class='ocrx_word' id='word_1_335' title='bbox 120 4279 172 4329; x_wconf 88' lang='lat' dir='ltr'><strong>tris</strong></span> <span class='ocrx_word' id='word_1_336' title='bbox 185 4281 309 4347; x_wconf 77' lang='lat' dir='ltr'><strong>scripsit,</strong></span> <span class='ocrx_word' id='word_1_337' title='bbox 330 4283 371 4332; x_wconf 88' lang='lat' dir='ltr'><strong>ita</strong></span> <span class='ocrx_word' id='word_1_338' title='bbox 384 4284 523 4351; x_wconf 77' lang='lat' dir='ltr'><strong>posuerit,</strong></span> <span class='ocrx_word' id='word_1_339' title='bbox 598 4316 604 4326; x_wconf 81' lang='lat'>-</span> 
     </span>
    </p>
   </div>
   <div class='ocr_carea' id='block_1_20' title="bbox 143 4384 798 4466">
    <p class='ocr_par' dir='ltr' id='par_1_21' title="bbox 143 4384 798 4466">
     <span class='ocr_line' id='line_1_43' title="bbox 143 4384 798 4466; baseline 0.021 -24"><span class='ocrx_word' id='word_1_340' title='bbox 143 4459 146 4466; x_wconf 32' lang='grc' dir='ltr'>Ι</span> <span class='ocrx_word' id='word_1_341' title='bbox 190 4384 268 4443; x_wconf 81' lang='lat' dir='ltr'><strong>silam</strong></span> <span class='ocrx_word' id='word_1_342' title='bbox 280 4388 399 4460; x_wconf 88' lang='lat' dir='ltr'><strong>spondeo</strong></span> <span class='ocrx_word' id='word_1_343' title='bbox 411 4399 498 4450; x_wconf 87' lang='lat' dir='ltr'><strong>totum</strong></span> <span class='ocrx_word' id='word_1_344' title='bbox 509 4394 669 4456; x_wconf 87' lang='lat' dir='ltr'><strong>concludere</strong></span> <span class='ocrx_word' id='word_1_345' title='bbox 684 4413 798 4457; x_wconf 85' lang='lat' dir='ltr'><strong>versum.</strong></span> 
     </span>
    </p>
   </div>
   <div class='ocr_carea' id='block_1_21' title="bbox 0 0 1355 4866">
    <p class='ocr_par' dir='ltr' id='par_1_22' title="bbox 0 0 1355 4866">
     <span class='ocr_line' id='line_1_44' title="bbox 0 0 1355 4866; baseline 0 0"><span class='ocrx_word' id='word_1_346' title='bbox 0 0 1355 4866; x_wconf 95' lang='lat' dir='ltr'><strong> </strong></span> 
     </span>
    </p>
   </div>
  </div>
 </body>
</html>
