2694 4866
112 276 174 339 416
432 276 436 281 ’
519 270 600 332 LIB.
613 268 672 330 111.
694 271 786 333 csP.
799 271 854 332 IX.

111 441 247 503 carminis
260 438 437 501 mentionem
450 438 562 499 iaciunt
576 439 689 498 Gellius
702 439 740 499 V.
758 443 805 502 la
818 437 965 500 Lucetium
983 432 1088 501 Jonem
1113 454 1225 498 comme·

112 520 237 590 morans,
258 534 289 581 ct
313 523 415 581 Festus
436 522 466 580 in
487 541 514 579 v.
533 520 678 581 sublicium
698 531 729 580 et
747 530 895 603 supparum
934 519 1021 581 Idem
1048 520 1155 580 Festus
1178 520 1226 579 aine

114 605 211 684 operis
224 603 320 662 iudice
335 604 364 662 iu
379 624 407 664 v.
419 604 547 684 sagmina
560 603 624 663 haec
637 601 731 675 affert,
752 622 818 683 quas
831 602 870 662 ad
894 601 1009 662 Bellum
1034 601 1180 663 Punicum
1196 600 1226 660 ri·

115 686 223 746 dentur
236 685 395 764 pertinere:

185 838 193 856 .
227 840 235 854 .
269 821 275 849 ··
314 834 530 855 ......
559 801 606 875 jus
617 809 749 867 sacratum

183 872 261 929 doris
268 873 411 944 jurandum
424 871 546 944 sagmine.

116 984 233 1046 Paullus
257 984 360 1043 eodem
381 984 446 1042 loco
469 1003 510 1042 ex
531 981 632 1041 Naevio
645 980 745 1042 affert:
766 990 787 1055 ‘.‘
800 999 903 1061 scapos
917 990 1006 1061 atque
1020 980 1163 1041 verbenas
1173 979 1224 1056 sig·

116 1076 136 1106 ‘⁴
151 1067 229 1124 mina
248 1076 431 1144 sumpserunt
439 1066 463 1124 :”
485 1063 536 1122 ubi
559 1063 692 1123 uerbenas
714 1062 829 1125 videtur
853 1063 1148 1142 interpretamentum
1168 1077 1224 1120 ests

55 1178 59 1183 ·
116 1146 157 1206 Et
168 1148 198 1205 in
213 1168 240 1206 v.
254 1167 436 1208 summussos:

158 1342 164 1351 '
183 1298 278 1407 iuquit,
295 1295 467 1389 summussos:
484 1295 596 1404 proinde
608 1261 778 1403 apcbtdsb’diee,
795 1329 858 1403 quid
869 1330 912 1398 sit,
989 1408 993 1415 ‚

114 1437 173 1580 {16¹}
175 1436 271 1580 (pdde,
292 1457 365 1515 quos
378 1456 464 1515 supra
477 1438 506 1494 iu
519 1437 586 1495 loco
601 1435 684 1496 Atilii
698 1434 898 1494 Fortunatiaui
909 1436 970 1513 jam
989 1433 1184 1514 apposuimus,
1201 1448 1223 1508 p·

184 1634 271 1689 ierunt
283 1634 385 1706 pulcras
398 1635 533 1699 creterras,
553 1635 646 1689 aureas
654 1632 772 1704 lepistas,

116 1758 202 1819 quem
216 1739 259 1798 ita
271 1740 434 1797 emendavit
449 1738 597 1798 Bentleius
608 1739 637 1795 in
653 1738 741 1816 Resp.
750 1737 792 1796 -ad
806 1735 891 1816 Boyl.
904 1755 933 1814 p.
949 1737 1020 1795 123.
1035 1744 1065 1794 et

185 1856 281 1912 novem
290 1857 365 1913 Jovis
380 1856 524 1910 concordes
534 1855 599 1909 iilia
613 1871 725 1909 sorores.

115 1961 242 2103 Nopfigsp
255 1971 351 2020 autem
367 1960 468 2032 Naevii,
483 1980 570 2039 quem
585 1957 744 2019 Diomedes
757 1977 786 2037 p.
797 1958 868 2019 sla.
882 1954 979 2020 afferte
991 1954 1060 2054 vide
1071 1952 1145 2013 Atil.
1156 1951 1219 2011 Fort.

114 2063 145 2123 p.
240 2081 248 2099 .

184 2158 299 2215 summas
310 2177 375 2232 opes
386 2160 431 2231 qui
442 2159 532 2230 regum
544 2158 627 2230 r6gias
639 2156 751 2228 refregit·

114 2263 191 2323 lllud
204 2284 273 2324 vero
288 2264 437 2336 addubito,
458 2284 495 2322 an
507 2282 616 2336 versus,
637 2260 718 2341 quia
741 2258 839 2320 Gellio
859 2259 912 2318 Vl.
934 2262 964 2319 8.
987 2256 1155 2326 afferuntur,
1176 2250 1220 2312 etti

115 2346 400 2486 sScartirlppplrtifiuidentur
421 2365 493 2420 esse,
514 2364 583 2417 nou,
595 2344 652 2404 aiut
674 2363 713 2404 ex
737 2342 821 2404 Bello
841 2339 964 2401 Punico.
1005 2339 1032 2401 1i
1053 2337 1220 2399 siclorum

186 2575 612 2596 ...........
648 2540 725 2594 etiam
735 2540 781 2612 qui

185 2615 265 2667 manir
278 2630 320 2668 res
332 2631 437 2682 magnas
449 2611 528 2683 saepe
540 2611 620 2682 gessit
632 2612 755 2681 gloriose,

187 2686 261 2754 cujus
273 2684 343 2738 facta
354 2686 413 2739 viva
423 2685 520 2754 vigent,
538 2683 583 2754 qui
594 2684 663 2754 apud
675 2682 760 2752 gentis
769 2679 840 2736 solus
852 2677 978 2751 praestat,

184 2772 245 2809 eum
257 2757 320 2810 sirus
331 2768 406 2826 pater
418 2775 477 2810 cum
488 2755 568 2827 pallio
581 2754 635 2807 iuno
647 2756 680 2809 ab
692 2754 775 2807 amica
786 2751 903 2807 abduxit.

115 2856 235 2949 Editum
250 2869 294 2917 est
310 2859 394 2916 etiam
409 2860 458 2940 qui
472 2880 515 2918 res
529 2878 646 2938 magnas
659 2877 744 2916 aranu
754 2875 837 2936 saepe,
853 2865 893 2925 et,
907 2851 1077 2933 cssjmsacla
1091 2848 1153 2910 uino
1163 2863 1220 2905 aurs

115 2947 220 3016 urgent.

154 3022 203 3076 38.
226 3019 420 3096 Epigramma,
442 3020 520 3097 quod
540 3020 673 3097 sepulcro
697 3038 749 3079 suo
773 3016 862 3075 insidi
881 3014 973 3072 voluit
1000 3011 1130 3083 Naevius,
1150 3004 1218 3068 versi-

114 3099 168 3158 bus
184 3099 323 3160 Saturniis
336 3100 486 3179 scriptum,
508 3112 652 3160 servatum
666 3113 712 3160 est
725 3119 742 3160 a
756 3097 853 3159 Gellio
868 3098 892 3156 1.
908 3101 956 3156 24.
1016 3184 1024 3191 „

183 3216 305 3270 Mortalis
313 3217 467 3272 immortalis
479 3216 542 3272 flere
554 3219 576 3273 si
589 3217 657 3272 foret
665 3217 714 3282 l'as,

183 3287 277 3342 flerent
288 3288 356 3342 divae
369 3290 494 3343 Camenae
507 3290 635 3343 Naevium
648 3292 762 3358 postam.

181 3359 271 3429 itaque
282 3370 420 3430 postquam
434 3372 475 3415 est
488 3362 588 3415 Orcino
600 3361 712 3414 traditus
724 3359 858 3423 thesauro,

183 3431 260 3485 obliti
272 3442 333 3484 sunt
346 3432 448 3486 Romae
458 3432 561 3504 loquier
570 3433 668 3485 Latina
676 3431 773 3500 lingua.

156 3538 203 3593 39.
226 3535 402 3594 Habuerunt
418 3537 542 3595 Romani
557 3537 644 3595 etiam
658 3535 714 3593 alia
728 3534 846 3611 antiqua
860 3528 996 3598 carmina,
1012 3545 1135 3605 quorum
1144 3523 1218 3603 pleri·

112 3633 169 3692 que
179 3616 307 3675 versibus
324 3617 465 3676 Saturniis
478 3618 586 3696 scripta
599 3617 687 3675 fuisse
709 3615 847 3676 credibile
865 3624 918 3672 est.
960 3610 1001 3669 Et
1021 3608 1163 3669 Marcium
1183 3621 1219 3693 '⁹5

112 3706 172 3752 tem
187 3696 313 3774 quidem,
335 3709 440 3776 praeter
459 3696 604 3770 vaticinia,
626 3699 713 3757 etiam
737 3708 883 3775 praecepta
905 3690 1101 3770 composuisse
1125 3700 1220 3763 accept·

111 3793 184 3835 mus.
226 3781 430 3858 Fragmentum
445 3781 481 3839 ab
498 3782 683 3858 Heusingero
697 3779 844 3858 adjectum
858 3774 961 3834 Mallio
973 3771 1131 3832 Theodoro
1144 3791 1171 3848 p.
1183 3766 1220 3827 95·
1262 3768 1264 3835 !

111 3866 133 3895 “
147 3871 293 3997 praeclepta
306 3860 414 3940 primus
426 3862 503 3939 apud
517 3862 637 3921 Latinos
651 3862 782 3920 Marcius
796 3871 875 3918 vates
890 3853 1069 3939 composuit:
1083 3870 1120 3911 ex
1135 3847 1221 3930 quibus
1262 3908 1264 3915 .

114 3945 134 3976 “
149 3950 192 3998 est
207 3939 215 3995 i
228 3941 293 3999 lud:

183 4058 200 4083 “
209 4095 480 4113 .......
515 4058 661 4128 postremus
670 4056 794 4130 loquaris,

180 4127 430 4196 “primfistaceaa.'‘

111 4224 232 4286 Nullum
246 4250 315 4290 vero
329 4233 442 4292 numeri
455 4232 582 4293 Saturnii
597 4233 750 4311 vestigium
763 4230 851 4298 video
863 4228 892 4286 in
906 4226 961 4298 his,
982 4223 1020 4283 de
1045 4224 1148 4303 quibus
1167 4215 1221 4312 Fas·

110 4319 158 4367 tus
180 4308 210 4366 in
234 4331 262 4369 v.
288 4314 466 4373 “flaminius
490 4313 633 4372 camillus:
659 4315 734 4373 sicut
757 4312 881 4371 habetur
904 4308 934 4367 in
958 4306 1080 4384 antiquo
1104 4317 1223 4364 carmmes

111 4398 235 4469 “quum
256 4403 338 4471 pater
353 4394 414 4453 filio
434 4395 472 4455 de
496 4394 673 4474 agricultura
698 4394 888 4475 praeciperet:
909 4404 1058 4452 aturrus
1085 4396 1224 4450 ausuras,

1070 4653 1104 4741 Ι
