2694 4866
359 252 646 342 navuasruus
667 278 950 341 nocumacrs
1145 280 1202 344 raa
1294 348 1296 353 ,

98 453 208 516 (tuorum
227 449 345 513 ultimus
366 449 438 509 ordo
459 468 516 509 una
530 449 596 520 arsi,
610 461 706 527 neque
719 447 873 507 anacrusin
884 466 940 506 nec
954 446 1049 507 thesin
1062 445 1199 519 habente,

101 531 290 591 contineretur.
332 531 408 591 Nam
429 531 454 590 si
475 531 591 610 quaudo
604 531 634 589 iu
648 531 707 589 fine
719 549 819 589 versus
832 528 943 587 heroici
953 528 1000 588 vel
1014 529 1130 587 iambici
1150 532 1201 588 tri·

101 611 171 670 ueni
180 633 235 675 vox
244 613 442 692 monosyllaba
452 611 706 691 apraecedentibus
713 611 807 672 verbis
818 610 1002 689 disjungitur,
1012 622 1042 669 et
1053 621 1201 689 tamquam

102 699 216 769 nauata
236 693 307 754 arsis
320 694 538 777 pronunciatur,
560 713 620 752 non
641 693 671 750 id
690 692 904 763 adnumerum,
925 690 975 770 qui
995 692 1025 749 in
1045 711 1131 751 versu
1145 704 1200 764 est,

103 771 145 830 ted
153 776 184 834 ad
195 794 272 847 eum,
307 777 337 834 ui
350 787 395 835 est
414 775 443 833 in
458 774 598 845 oratione,
611 774 748 853 pertinet,
767 772 817 852 qui
830 774 872 832 ita
885 791 952 832 cum
966 791 1065 831 versus
1078 792 1201 834 numero

102 796 339 929 consociatur,lic
353 867 388 916 ut
402 867 499 915 tamen
520 856 614 915 salvus
626 866 751 916 maneat.
793 855 904 914 Contra
917 852 1013 913 iambo
1026 873 1094 926 uno,
1110 873 1204 933 eoque
1238 856 1241 863 ⁴

106 939 240 998 merusin
254 938 410 1018 ancipitem
428 937 566 1008 habente,
591 936 678 996 etiam
691 936 739 995 alii
759 954 859 995 versus
879 934 1028 1008 finiuntur,
1042 945 1072 994 et
1086 935 1214 1015 quidem-

98 1008 192 1098 biipsi,
204 1020 255 1101 qui
265 1020 310 1079 vel
321 1019 408 1099 jungi
419 1017 618 1101 antispastieis'
627 1018 754 1076 numeris
768 1017 874 1089 solent,
888 1027 922 1074 ut
934 1015 1074 1076 iambicus
1088 1017 1153 1088 iste,
1168 1019 1205 1078 de

96 1114 144 1176 quo
155 1101 184 1159 in
204 1100 381 1182 praecedeuti
401 1101 496 1179 capite
506 1118 597 1178 segm.
611 1104 658 1159 16.
672 1098 783 1158 dictum
797 1110 852 1171 est,
866 1097 913 1157 vel
927 1099 1100 1158 tractatione
1114 1099 1205 1158 doeh·
1263 1139 1266 1146 ,

96 1179 182 1242 miscis
208 1182 317 1243 similes
336 1193 418 1254 sunt,
435 1181 603 1261 Glyconeos
623 1181 700 1241 dico.
740 1180 841 1240 lambo
862 1190 970 1249 autem,
991 1180 1071 1258 quod
1098 1178 1131 1239 is'
1145 1200 1206 1239 non

93 1256 130 1320 ita
139 1265 277 1343 abruptus
291 1274 344 1336 est,
360 1274 394 1322 ut
414 1262 484 1322 arsis
504 1262 591 1333 nuda,
607 1261 709 1321 melius
726 1261 801 1319 finiri
822 1280 975 1320 numerum
989 1260 1076 1320 nemo
1089 1262 1148 1334 non
1161 1261 1204 1319 vi·

92 1339 314 1422 «impresseram
329 1344 354 1405 si
366 1346 469 1405 breves
483 1343 598 1403 ordines
612 1342 788 1421 praecedant,
808 1342 887 1421 quod
908 1352 952 1401 est
972 1341 1002 1399 in
1015 1341 1061 1401 his
1073 1342 1203 1402 versibus

91 1426 232 1486 omnibus:
254 1446 378 1505 quorum
398 1425 525 1484 maxime
545 1425 685 1484 iambicus
703 1425 761 1483 iste
775 1425 816 1483 ita
829 1423 929 1487 similis
942 1424 1089 1488 dochmio.
1100 1436 1154 1495 est,
1171 1436 1204 1483 ut

89 1522 122 1564 eo
138 1518 253 1566 tautum
273 1507 396 1580 differat,
417 1506 497 1586 quod
517 1507 611 1585 primo
631 1505 724 1565 ordini
745 1507 841 1566 thesin
854 1505 945 1580 addit,
974 1524 1040 1581 quae
1063 1506 1145 1565 deest
1173 1505 1203 1562 in

89 1584 233 1650 dochmioz

160 1718 304 1803 r
329 1712 400 1801 ι-·’

162 1763 417 1918 {vn-,n-

89 1963 217 2026 lambum
231 1965 328 2036 istum,
343 1965 435 2044 quiin
449 1965 507 2022 fine
520 1974 574 2036 est,
589 1976 708 2042 propter
723 1965 867 2022 infirmum
882 1976 912 2024 et
925 1935 1095 2043 languidum
1111 1965 1204 2026 iuces.

89 2064 156 2118 tum,
170 2046 297 2107 debilem
312 2046 439 2106 iambum
452 2045 598 2124 appellare
612 2044 704 2103 visum
718 2058 772 2105 est.
808 2046 810 2051 ’
1030 2067 1032 2072 ,
1128 2069 1131 2075 »

120 2134 150 2189 3.
166 2128 224 2187 llis
237 2129 276 2188 ita
296 2128 461 2188 constitutis
474 2126 560 2185 facile
570 2125 750 2204 intelligitur,
773 2127 940 2186 dochmium
951 2147 992 2204 ex
1003 2129 1117 2205 numeri
1131 2128 1202 2207 legi·

89 2226 134 2269 tus
148 2210 178 2268 in
192 2209 296 2269 mediis
309 2209 474 2289 systematis
487 2208 539 2267 bas
553 2207 706 2294 admittere
716 2227 859 2268 mensura
872 2208 1037 2269 varietates.
1048 2231 1052 2239 ’

373 2367 390 2390 bb

162 2402 383 2487 ''llll'‘

164 2448 401 2468 U——V—

104 2506 404 2565 'www

89 2638 112 2679 n
122 2618 181 2680 fine
195 2628 305 2690 autem,
321 2628 372 2678 aut
384 2618 480 2680 sicubi
492 2620 630 2683 dochmio
641 2640 701 2688 non
714 2620 762 2681 alii
773 2618 982 2679 continuantur
995 2617 1181 2696 numerabas

269 2775 286 2799 bb

164 2857 370 2878 ν--νιι

175 2929 309 2960 WW

89 3020 160 3091 Hae
173 3029 342 3109 descriptio,
365 3049 429 3108 quae
448 3030 487 3090 ad
506 3031 603 3094 media
623 3045 786 3115 systemata
806 3034 943 3114 pertinet,
957 3036 1064 3098 formas
1079 3037 1212 3097 continet

89 3110 205 3191 :igion
229 3111 311 3182 duas,
333 3130 405 3190 quas
418 3112 545 3191 singulas
565 3117 720 3196 separatim
735 3116 868 3176 exhibuit
884 3117 1041 3192 Seidlerus,
1055 3140 1085 3197 p.
1100 3127 1130 3183 5.
1149 3138 1211 3199 seq.

89 3188 198 3261 annus
211 3193 237 3252 si
250 3193 350 3264 addas,
366 3212 430 3270 quae
451 3195 632 3274 corripienda
646 3210 766 3277 propter
780 3196 920 3277 syllabam
934 3199 1211 3278 ancipitemultima

89 3273 138 3361 {tsi
149 3274 290 3333 constitui
300 3285 430 3353 possunt,
445 3293 582 3337 numerus
594 3279 722 3338 omnium
733 3278 788 3338 erit
805 3292 873 3338 octo
888 3293 917 3340 et
932 3281 1134 3361 quadraginta.
1151 3281 1212 3340 Sed

89 3353 167 3423 uuile
188 3366 234 3414 est
254 3355 414 3427 intellectu,
436 3375 495 3414 nou
516 3360 644 3419 omnium
665 3360 800 3439 exempla
813 3359 947 3434 inveniri,
961 3362 1147 3442 maximeque
1161 3382 1209 3421 ea·

89 3444 159 3508 um,
179 3455 247 3515 quae
260 3437 390 3497 ultimam
414 3437 490 3496 arsin
504 3440 621 3501 brevem
634 3442 753 3503 habent.
794 3446 868 3510 Quae
888 3444 983 3503 brevis
998 3444 1108 3524 syllaba
1121 3463 1213 3522 quum

89 3514 152 3663 mil
173 3517 340 3578 offensionis
360 3518 477 3592 habeat,
498 3522 548 3581 ubi
568 3524 656 3584 etiam
676 3524 833 3598 anacrusis,
856 3544 921 3605 quae
941 3526 1100 3606 praecedit,
1115 3523 1210 3584 brevis

127 3610 199 3672 anta

149 3733 263 3811 ,du'mt
275 3737 323 3795 aa>
335 3735 420 3812 χθονί,
527 3768 529 3772 ⁴

89 3856 192 3922 brnen,
216 3846 243 3907 si
265 3847 355 3927 longa
378 3858 423 3908 est
446 3853 604 3928 anacrusis,
619 3873 678 3916 non
691 3853 800 3935 ubique
823 3854 976 3916 commoda
989 3866 1044 3915 est.
1086 3854 1162 3915 Nam
1176 3867 1210 3915 nt

89 3916 164 3993 bate
177 3929 316 3991 ferantur
328 3927 408 4002 talia,

89 4282 151 4351 uod
165 4281 201 4344 in
214 4279 267 4343 bis
284 4279 389 4344 ultima
407 4282 528 4365 syllaba,
549 4294 583 4346 ut
598 4296 776 4428 conppnante
789 4281 882 4359 finita,
901 4281 1005 4344 melius
1024 4279 1213 4362 acquiescere
