2694 4866
420 231 485 295 DE·
500 230 658 297 toulcts
680 233 710 294 A
730 232 910 297 Mtuous.
1183 239 1245 297 299

108 404 160 466 ita
174 403 263 465 etiam
276 419 314 464 ex
329 401 378 462 illa
391 404 448 464 arsi
461 405 605 465 trocheus
618 403 679 465 fiat'
718 402 834 464 Eodem
854 401 952 471 modo,
966 400 1027 470 sed,
1044 409 1077 459 ut
1090 416 1142 480 par
1156 411 1200 461 est
1213 401 1245 459 in

108 488 254 565 opposito
277 504 409 557 numero,
433 485 546 545 inversa
565 485 677 546 ratione
697 482 756 558 illa,
777 486 808 543 in
822 484 931 543 Ionicis
954 502 973 542 a
992 481 1104 541 minore
1128 494 1244 559 tempus

109 586 212 626 unum
226 567 263 626 de
277 567 410 626 anacrusi
423 567 544 626 secundi
557 565 652 626 Ionici
672 567 847 638 detractum,
861 579 891 625 et
911 564 1059 642 adjectum
1074 563 1111 621 ad
1131 576 1244 641 postre-

104 666 197 713 mam
210 649 287 707 arsin
298 647 489 726 praecedentis
503 648 594 728 pedis,
605 667 665 707 non
678 657 776 728 potest
785 666 845 706 non
855 646 978 717 efficere,
993 655 1027 703 ut
1041 655 1071 703 et
1081 656 1246 722 anapaestus

104 729 171 790 iste
195 728 307 790 iambus
320 728 382 803 fiat,
396 739 426 787 et
443 728 520 788 idem
541 729 655 788 eveniat
667 729 699 787 in
718 727 775 788 arsi
788 728 846 787 illa.
888 727 1009 786 Retinet
1031 725 1108 784 enim
1129 736 1245 803 tempus

103 809 200 881 illud,
218 810 296 889 quod
309 810 340 867 in
353 820 480 888 utroque
494 830 615 869 numero
629 809 667 869 ad
680 810 758 869 arsin
776 808 855 868 illam
869 809 977 866 nudam
997 805 1144 885 adjicitur,
1158 817 1244 864 natu·

110 909 182 950 ram
196 909 287 959 suam,
305 901 338 950 ut
353 889 390 949 de
403 890 478 949 thesi
498 890 662 949 detractum
676 890 706 948 in
726 889 834 949 Ionicis
847 909 866 948 a
879 892 989 970 majore
1009 886 1109 960 thesis,
1123 885 1161 947 dc
1174 904 1246 946 ana-

112 971 198 1031 crusi
212 972 242 1029 in
256 971 364 1031 Ionicis
377 989 395 1030 a
408 971 531 1045 minore,
545 971 692 1030 anacrusis
702 982 828 1042 maneat,

197 1103 333 1185 ·¹·d·¹·W
492 1101 787 1185 υυὲΙὲΙυυ-ἸΞ

152 1292 160 1303 1
195 1217 330 1299 ὲυΙὲυ
490 1216 787 1300 υυὲΙυ-’.Ιυ-’.Ι-ἠ

115 1351 175 1410 sive
196 1347 280 1408 malis
294 1349 336 1408 ita
355 1359 493 1423 statuere,
518 1348 678 1408 secundam
698 1348 777 1407 arsin
790 1347 820 1407 in
834 1349 944 1409 Ionicis
964 1352 1115 1428 amajore,
1139 1333 1251 1411 amidso

89 1496 93 1505 ‚
115 1449 173 1490 uno
190 1441 331 1508 tempore,
347 1429 413 1489 loco
426 1449 479 1489 suo
501 1429 617 1500 cedere,
638 1431 794 1508 locumque
814 1450 881 1488 eum
903 1433 1041 1510 occupari
1054 1451 1072 1489 a
1086 1431 1170 1505 thesi,
1185 1451 1244 1510 qua

113 1530 276 1590 praegressa
289 1511 359 1571 arsis
372 1523 459 1570 aucta
473 1521 535 1581 est;
555 1511 585 1568 in
600 1511 708 1570 Ionicis
721 1530 739 1569 a
754 1511 865 1570 minore
879 1522 977 1571 autem
992 1512 1124 1570 eamdem
1137 1531 1242 1572 secun-

115 1591 183 1651 dam
203 1592 290 1662 arsin,
305 1603 421 1651 auctam
435 1612 494 1651 uno
515 1605 657 1672 tempore,
677 1591 779 1651 itidem
800 1593 963 1671 relinquere
984 1592 1081 1650 locum
1095 1612 1190 1666 suum,
1212 1606 1244 1655 et

114 1672 154 1733 ibi
168 1673 339 1747 consistere,
353 1674 404 1733 ubi
414 1678 474 1753 jam
487 1692 540 1753 per
553 1674 738 1732 imminutum
756 1685 928 1751 sequentem
942 1673 1073 1732 ordinem
1087 1685 1202 1752 potest:

193 1805 344 1888 ΔΙὲΞυυ
502 1804 813 1889 υυὲΙῦ-ϊΙυυὲΙὲ

194 1921 345 2005 duliam
504 1921 812 2006 υυὲΙυὲΞΙυὲΙὲ

114 2056 183 2118 Jam
205 2057 325 2136 planum
339 2067 384 2117 est
402 2067 491 2136 atque
505 2067 648 2134 apertum,
673 2057 723 2135 qui
743 2057 803 2122 fiat,
829 2055 908 2134 quod
929 2056 1013 2116 aliter
1037 2053 1241 2132 inexplicabile

112 2138 202 2211 foret,
218 2149 252 2197 ut
264 2139 294 2197 in
308 2139 414 2198 Ionicis
429 2159 447 2197 a
460 2138 572 2197 minore
592 2139 654 2216 ipse
669 2158 719 2217 pes
741 2138 858 2195 Ionicus
871 2137 989 2194 brevem
1010 2136 1160 2216 syllabam,
1175 2154 1242 2213 quae

113 2230 184 2280 autc
197 2217 320 2299 primam
333 2220 409 2278 arsin
433 2230 488 2290 est,
502 2238 561 2278 non
581 2219 688 2277 habeat
708 2217 874 2295 ancipitem,
897 2216 1023 2275 anaclasi
1044 2227 1141 2274 autem
1162 2216 1242 2274 facta

115 2319 150 2360 aa
163 2300 274 2379 syllaba
288 2311 369 2359 recte
382 2320 490 2379 anceps
503 2311 681 2359 numeretur.
723 2300 799 2364 Nam
814 2299 844 2354 in
858 2316 931 2374 puro
945 2297 1050 2355 lonico
1064 2297 1242 2374 anapaestica

113 2381 261 2441 anacrusis
275 2392 328 2452 est,
343 2399 361 2439 a
374 2400 432 2460 qua
450 2382 536 2460 plane
550 2381 700 2439 exclusam
721 2399 783 2437 esse
797 2379 915 2456 syllabae
935 2377 1069 2456 ancipitis
1090 2377 1240 2436 licentiam
1276 2452 1278 2456 Ι

112 2473 248 2522 ὀοιιεῐαῑι
268 2463 407 2522 anaclasis
421 2461 519 2522 autem
532 2482 586 2540 pro
606 2461 780 2539 anapaestica
793 2459 926 2518 anacrusi
941 2460 1093 2518 iambicam
1106 2458 1240 2516 introdu-

114 2543 164 2617 cit,
180 2562 268 2638 quam
287 2555 390 2603 notum
404 2555 449 2603 est
462 2544 634 2602 instructam
648 2543 703 2601 ista
722 2542 841 2601 licentia
854 2559 927 2601 esse.
968 2539 1023 2600 Est
1043 2558 1114 2623 ergo
1128 2539 1241 2626 ancipi-

117 2633 179 2689 tum
193 2643 224 2687 1n
239 2625 347 2688 Ionicis
361 2643 379 2684 a
392 2625 504 2685 minore
517 2625 583 2682 haec
595 2624 686 2687 ratio:

192 2757 488 2841 ootlsloosla

190 2872 488 2957 vwssivsslcsslss

119 3002 173 3063 Vix
187 3014 285 3065 tamen
299 3015 451 3085 utramque
464 3004 494 3063 in
504 3005 549 3065 his
563 3007 676 3066 duobus
687 3006 788 3065 iambis
799 3007 952 3074 anacrusin
966 3007 1050 3066 simul
1064 3008 1238 3086 productam

119 3083 234 3145 mueniri
258 3087 375 3147 licebit:
405 3088 581 3166 omninoque
604 3089 709 3166 saepius
732 3089 763 3145 in
787 3089 893 3167 priore,
917 3107 1004 3166 quam
1027 3089 1057 3145 in
1077 3090 1238 3167 posteriore

120 3164 210 3225 iambo
222 3168 379 3246 productio
393 3168 443 3227 illa
455 3168 569 3232 admitti
582 3169 667 3229 solet.

89 3266 96 3275 ⁵
154 3253 184 3308 6.
203 3249 396 3315 Diversitates
410 3250 523 3309 numeri
541 3250 633 3308 Ionici
648 3269 665 3308 a
679 3251 790 3309 minore
804 3260 864 3308 tres
884 3249 1063 3328 potissimum
1078 3251 1238 3310 observavi.

122 3323 191 3387 Nam
213 3329 298 3408 lyrici
312 3330 475 3402 AEolenses,
489 3330 707 3409 diligentissime
731 3330 880 3389 elaborare
893 3342 987 3388 metra
1007 3330 1093 3403 soliti,
1107 3352 1181 3410 puro
1195 3333 1238 3390 vi·

123 3405 221 3547 ditemur
234 3411 311 3495 pede
328 3413 430 3472 lonico
445 3411 489 3476 usi
503 3430 583 3473 esse:
613 3411 691 3499 apud
707 3431 779 3498 quos
799 3412 823 3470 ai
837 3411 909 3471 tales
922 3430 1021 3470 versus
1042 3414 1236 3491 reperiuntur,

152 3530 162 3563 2

192 3607 355 3688 ζαιλιξᾶμαι
368 3608 425 3693 ’o'rag
440 3615 612 3693 Kargaytriop,

92 3760 107 3787 τ
124 3734 215 3780 vereor
228 3734 262 3781 nt
274 3722 305 3781 hi
319 3725 405 3783 etiam
419 3726 496 3784 illam
509 3727 632 3786 formam
645 3726 823 3798 admiserint,
838 3745 904 3804 quae
917 3737 1010 3787 estex
1024 3727 1103 3806 puris
1119 3726 1236 3788 Ionicis.

89 3828 96 3881 j.
123 3795 208 3861 latrici
220 3815 318 3864 autem
342 3806 435 3884 lyrici,
451 3821 484 3869 ut
498 3813 667 3878 Anacreon,
680 3810 844 3887 prorniscue
868 3808 1026 3868 diiambum
1051 3821 1235 3886 receperunt,

122 3882 256 3944 niventes
270 3885 356 3944 ctiam
370 3888 496 3966 priorem
510 3894 571 3968 ejus
585 3891 674 3958 arsin3
695 3891 840 3967 iidemque
859 3888 1004 3948 interdum
1020 3890 1107 3949 etiam
1122 3891 1236 3948 Molos-

120 3977 178 4022 sum
190 3983 245 4043 pro
258 3965 360 4027 Ionico
374 3984 551 4046 posuerunt;
571 3990 643 4049 quos
664 3971 767 4030 imitati
787 3981 866 4041 sunt,
880 3971 930 4047 qui
952 3970 1130 4029 Galliambos
1144 3973 1236 4049 scrip·

89 4096 102 4111 .
121 4059 187 4108 tere.
210 4047 342 4107 Mediam
356 4049 481 4129 denique
500 4052 577 4111 inter
596 4052 713 4112 lonicus
734 4053 797 4112 illos
811 4064 841 4112 et
862 4053 1016 4111 AEolenses
1039 4051 1148 4129 lyricos
1159 4053 1235 4110 viam

115 4136 272 4193 ¹tenuerunt
294 4131 396 4210 tragici
411 4144 441 4191 et
461 4133 576 4205 comici,
591 4134 632 4193 ita
645 4134 772 4211 quidem,
794 4145 828 4193 ut
841 4132 943 4209 tragici
958 4131 1050 4208 magis
1071 4132 1233 4201 AEuleuacs,

103 4206 218 4269 'conici
231 4208 348 4275 Ionicos
361 4224 551 4279 sectarentur.
583 4215 736 4293 Proprium
750 4215 866 4273 videtur
874 4214 1056 4280 scenicorum
1071 4232 1142 4280 esse,
1155 4213 1235 4289 quod

113 4302 290 4373 anapaestum
309 4312 526 4378 nonnumquam
546 4295 616 4357 huic
635 4315 757 4358 numero
778 4295 950 4360 immiscent.
991 4293 1084 4372 quue
1105 4293 1232 4359 imitatus
