2694 4866
109 343 168 402 896
253 366 258 375 ¹
503 336 585 400 nu.
604 334 663 398 111.
684 335 780 401 CAP.
797 336 853 402 IX.
883 344 904 363 ’·

184 541 233 598 lais
244 549 362 614 pererrat
374 543 464 598 orbem
476 541 591 600 crinibus
602 543 706 600 solutis.

114 662 324 743 Fragmentum
346 663 509 723 Censorino
528 663 707 743 adscriptum
722 684 753 743 p.
779 665 847 729 157.
867 672 1039 723 “numerus
1055 663 1213 726 Saturnium
1260 674 1262 739 g

185 784 203 811 ‘⁴
212 800 335 854 magnum
346 800 485 837 numerum
497 778 642 854 triumphat
653 782 774 838 hostibus
785 780 904 838 devictis.

118 896 139 927 ‘¹
154 878 222 945 suut
245 887 296 965 qui
317 886 398 945 hunc
423 885 634 945 Archilochion
662 897 778 946 vocant.
809 884 912 965 recipit
938 884 1046 964 pedem
1073 885 1229 965 spondeum,

115 978 137 1007 ‘¹
150 968 289 1038 iambum,
303 967 513 1047 pyrrhichium,
538 966 680 1037 chorium,
704 966 863 1047 dactylum,
888 966 1155 1046 brachysyllabum,
1177 984 1229 1024 ana·

175 1051 265 1111 tum.’'
307 1049 382 1109 Vnde
406 1049 444 1108 de
467 1049 525 1109 hoc
549 1047 616 1109 loco
641 1047 807 1110 Bentleium
830 1048 861 1107 in
882 1067 958 1128 resp.
979 1049 1017 1109 ad
1032 1048 1119 1129 Boyl.
1133 1069 1163 1128 p.
1179 1051 1230 1110 ltt.

144 1132 311 1192 erentianua
325 1131 450 1190 Maurus
459 1151 489 1211 p.
510 1133 600 1192 2439.
977 1131 995 1165 '

183 1248 286 1320 Aprum
298 1247 403 1303 videtur
414 1265 481 1314 erse,

184 1337 258 1376 nunc
269 1319 396 1375 hocloco
408 1335 527 1386 monere,

183 1408 245 1463 qure
253 1391 288 1446 sit
299 1392 382 1460 figura
392 1407 492 1456 versus,

182 1479 262 1533 quem
275 1461 387 1516 credidit
399 1472 527 1527 vetustas,

186 1545 321 1602 nmquam
334 1533 407 1586 italis
420 1549 448 1586 rc
482 1544 563 1599 rtnro,

183 1603 338 1659 Saturnium
355 1621 440 1657 vocan
460 1621 513 1658 um.

184 1673 234 1728 sed
247 1685 287 1729 est
304 1674 378 1745 origo
391 1676 496 1742 Graeca,

183 1745 277 1816 illique
288 1757 392 1800 metron
404 1745 476 1800 istud

186 1828 262 1871 certo
274 1817 354 1872 modo
366 1817 514 1873 dederunt:

182 1889 320 1960 nostrique
332 1906 394 1943 mox
406 1891 495 1959 po'e'tae

183 1959 277 2014 rudem
290 1977 384 2014 sonum
397 1960 512 2032 sequuti,

183 2042 216 2085 ut
227 2049 338 2102 quaeque
350 2047 393 2085 res
403 2029 513 2096 serebat,

184 2103 223 2156 sic
236 2102 347 2173 disparis
358 2102 448 2172 figurae

183 2191 273 2227 versus
285 2191 365 2242 vagos
376 2173 510 2227 locabant.

183 2254 247 2315 post
258 2245 356 2299 rectius
368 2247 506 2314 probatum
519 2253 570 2309 est,

111 2363 118 2370 .
182 2325 216 2370 ut
227 2315 281 2369 tale
293 2315 372 2370 colon
385 2325 456 2370 esset

70 2435 74 2441 ,
106 2398 108 2403 “
180 2388 305 2458 junctum
327 2387 411 2441 tribue
428 2385 562 2451 trochaeis‚

184 2467 227 2524 ut,
241 2457 263 2512 si
275 2469 354 2512 vocet
366 2459 497 2512 Camenas
509 2458 566 2528 quis
578 2472 674 2511 novem
687 2473 800 2514 sorores.

185 2539 215 2583 ct
228 2529 322 2583 Naevio
341 2531 428 2598 po‘e'tae
440 2530 477 2583 sic
488 2527 577 2582 ierunt
596 2527 732 2595 Metellos,

186 2618 268 2672 quum
290 2617 360 2671 saepe
372 2599 542 2666 laederentur,
553 2617 610 2654 esse
621 2600 795 2655 comminutos
806 2623 811 2651 :

184 2688 297 2727 urauur
311 2689 411 2726 uanum
429 2673 558 2726 Meretur
576 2672 677 2725 Nuvro
696 2689 799 2725 ronne.

184 2760 298 2799 unauna
317 2760 416 2798 mature
435 2744 573 2808 Marsum,
589 2741 684 2797 clauda
696 2759 757 2813 pars
768 2742 881 2798 dimetri.

187 2832 276 2870 suren
295 2831 379 2868 casua
397 2832 541 2880 russatus,

188 2885 390 2940 Mamurrarum
407 2903 527 2951 rustum,

189 2973 306 3011 nrucnus
325 2973 427 3010 cononn
446 2974 552 3023 uocata.

189 3036 261 3096 post,
274 3028 374 3080 varo
388 3045 493 3091 ronam,
506 3038 560 3080 tres
571 3025 646 3081 vides
657 3027 798 3082 trochaeos.

189 3115 252 3152 naut
264 3097 302 3151 nil
314 3098 389 3152 obest
401 3097 530 3164 trocbaeo,
541 3097 621 3168 longa
632 3098 704 3169 quod
717 3115 837 3170 suprema
848 3109 898 3154 est.

118 3208 156 3267 Iu
176 3201 279 3262 ultimo
299 3222 383 3262 versu
404 3202 480 3263 obest
501 3219 555 3282 pro
576 3202 668 3262 obstat
686 3202 767 3263 dedit
793 3202 946 3263 Christiue.
987 3204 1067 3264 Aliae
1089 3216 1159 3265 vett.
1178 3199 1227 3263 cdd.

120 3298 191 3346 ante
205 3285 337 3364 quintum
353 3305 371 3344 a
390 3285 448 3345 fine
468 3303 583 3344 versum
604 3295 742 3363 repetunt
763 3285 853 3345 verba
872 3284 980 3344 dabunt
1001 3288 1106 3347 malum
1129 3280 1228 3350 Mersit.

118 3368 237 3429 Plotius
257 3388 287 3446 p.
308 3372 397 3430 2650.
440 3376 460 3407 “
476 3367 524 3424 Ex
545 3366 603 3425 hoc
627 3377 731 3439 metro,
755 3366 905 3426 trochaico
928 3365 1042 3427 scilicet
1067 3381 1098 3428 et
1118 3366 1229 3430 iambica

120 3459 143 3491 “
159 3460 275 3508 constat
288 3460 413 3507 metrum
435 3448 612 3517 Saturnium,
635 3448 714 3526 quod
733 3448 859 3507 mixtum
880 3447 947 3507 ideo
967 3468 1024 3508 uec
1046 3449 1124 3510 inter
1142 3445 1230 3529 spectet

123 3542 146 3572 ‘⁸
161 3530 299 3589 iambicos
314 3532 407 3610 posui,
423 3550 478 3589 nec
492 3528 569 3588 inter
583 3529 754 3588 trochaicus.
770 3540 884 3589 constat
898 3539 996 3589 autem
1010 3551 1050 3590 ex
1072 3531 1190 3591 iambico
1200 3525 1229 3584 di·

123 3623 147 3652 ‘⁴
162 3623 256 3672 metro
270 3612 442 3671 catalectico
459 3610 659 3690 Hipponactio
679 3610 844 3688 amphicolo
864 3621 894 3670 et
914 3611 1007 3670 tribus
1028 3612 1170 3684 trochaeis,
1187 3609 1202 3668 i.
1211 3624 1228 3663 e·

122 3704 145 3734 ⁴⁴
160 3692 369 3772 ithyplrallico:
389 3712 447 3773 quo
461 3704 555 3752 metro
570 3692 614 3751 usi
628 3703 695 3750 sunt
711 3691 866 3770 Euripides
879 3703 909 3752 ct
920 3693 1119 3753 Callimachus
1133 3705 1161 3754 et
1173 3683 1228 3770 apul

123 3784 146 3815 “
160 3795 214 3835 uos
230 3775 380 3834 Naevius.''
423 3777 480 3834 Pro
494 3774 648 3858 Euripides
661 3773 815 3852 legebatur
838 3775 965 3855 Cyrides.
1009 3774 1176 3854 Sequuntur
1191 3780 1229 3829 sa·

124 3858 178 3916 tim
192 3857 276 3915 haec:
298 3866 318 3895 “
335 3855 503 3914 Saturnium
519 3855 711 3936 compositum
725 3855 771 3914 vel
785 3855 910 3914 mixtum
924 3876 963 3914 ex
977 3855 1105 3916 iambico
1118 3856 1228 3916 merrort

125 3949 148 3978 “
163 3936 323 4009 trochaico,
337 3936 463 3996 iambico
477 3937 601 3995 dimetro
616 3937 790 4016 amphicolo,
806 3936 1007 4016 Hipponactis
1021 3935 1196 4006 catalectico,
1210 3938 1230 3986 el

127 4018 313 4077 “trochaico
338 4017 462 4076 dimetro
487 4016 742 4095 brachycatalecto
771 4018 971 4098 ithyphallico,
999 4019 1059 4080 hoc
1086 4032 1141 4096 est,
1162 4015 1228 4077 trihus

124 4107 146 4140 ⁸‘
160 4099 305 4171 trochaeis,
320 4098 485 4178 composuit
500 4098 618 4156 Naevius
631 4098 688 4159 hoc
702 4100 809 4162 modo:

196 4216 214 4242 “
225 4213 314 4271 ierunt
326 4217 429 4288 pulcras
442 4224 578 4270 creterras.

129 4317 237 4380 “Huc
263 4336 356 4398 usque
384 4318 619 4401 Hipponactium
646 4321 841 4403 amphicolum
869 4321 1025 4383 dimetrum
1054 4315 1229 4385 catalecticum
