2694 4866
183 262 264 325 ma.
278 226 320 325 u.
342 210 567 327 oriamur.
587 263 645 327 ne
661 204 1000 337 rsnarnouicrs.
1019 265 1073 322 ac.
1127 262 1186 323 aas

138 452 182 512 int
195 447 220 510 dl
233 454 271 529 cpi
280 449 401 529 τιθνμὲιᾳ

138 530 193 592 rddr
205 532 282 609 μέλος
296 532 451 613 raganari,

140 617 280 694 ragadiae)
295 611 448 695 φςινοὶοιλός.

90 747 108 788 c
123 727 212 787 etiarn
226 727 256 784 in
272 728 453 805 Cho'e'phoris
466 747 492 788 v.
504 732 573 790 804.

141 850 170 905 τὶ
185 842 210 903 di
223 849 308 910 aaa&
322 844 452 922 κτάμενον,
474 843 495 902 oi
506 845 578 921 μὲγι
592 846 661 904 sulm

142 927 252 1001 cedmon,
268 924 296 986 εὖ
307 924 345 992 dds
360 925 439 990 chidra
454 924 525 1002 dipem
540 927 633 1008 rirdgo‘r.

89 1053 183 1120 ntegro
197 1052 300 1119 quarto
314 1062 415 1120 paeone
429 1042 621 1103 terminantur
634 1042 664 1101 iu
679 1041 766 1102 Eum.
780 1046 851 1102 356.
907 1020 914 1047 ⁴

142 1156 299 1238 ἄνιτςοπάς,
315 1157 467 1237 instruens,

143 1242 246 1304 τιθασὸς
261 1237 302 1307 cir,
317 1241 388 1308 φίλον
402 1237 453 1316 ἴλῃ·

142 1319 187 1378 ital
199 1325 249 1385 cir,
265 1317 295 1389 οἵ,
310 1317 425 1394 deiparat.

89 1433 293 1510 nantistropha
307 1434 424 1505 ἄγκαθεν
441 1435 500 1509 jam
516 1432 583 1490 olim
597 1432 627 1490 in
651 1433 769 1494 ditabo
783 1430 900 1491 mutavi.
943 1431 1038 1491 Aliter
1058 1428 1135 1490 enim
1154 1424 1185 1486 hi

89 1533 163 1572 ersus
178 1514 287 1574 Cretici
300 1514 406 1588 forent,
430 1515 480 1592 qui
498 1533 645 1587 numerus,
666 1515 690 1573 si
704 1515 774 1593 quid
787 1515 883 1586 video,
908 1514 1001 1573 multo
1023 1513 1117 1572 minus
1136 1511 1187 1570 hic

89 1607 152 1672 ptus
172 1607 227 1655 est.

482 1868 595 1984 cna
623 1867 772 1943 reru.

133 2080 182 2130 DE
199 2079 479 2131 PARAPAEONICIS
496 2080 543 2128 ΕΤ
562 2079 660 2130 ALIIS
678 2080 930 2132 LONGIORIBUS
947 2079 1128 2130 Nummus.

115 2248 139 2302 l.
160 2244 398 2302 Pnaaamouam
413 2242 541 2321 aliosque
555 2242 679 2310 ordines,
707 2263 745 2302 ex
767 2243 855 2321 longa
876 2243 942 2317 arsi,
967 2253 997 2305 et
1011 2242 1141 2322 pluribus
1160 2241 1191 2300 in

89 2317 147 2382 hesi
160 2324 294 2404 brevibus
318 2324 434 2403 syllabis
459 2336 624 2383 constantes
647 2324 889 2402 quemadmodum
911 2328 1039 2406 potuisse
1060 2324 1192 2403 usurpari

89 2418 204 2481 pettam
219 2419 273 2478 est,
296 2405 335 2464 ita
349 2425 411 2466 esse
425 2405 511 2464 etiam
536 2405 681 2464 interdurn
703 2418 854 2486 usurpatos
876 2408 936 2466 veri
956 2407 1048 2467 simile
1068 2406 1192 2467 videtur.

89 2486 184 2546 'lirum
199 2488 275 2546 enim
288 2487 374 2560 foret,
395 2488 419 2545 si
434 2487 541 2557 Graeci,
564 2488 593 2544 in
608 2500 690 2547 tanta
703 2489 810 2566 linguae
823 2489 1013 2560 volubilitate,
1034 2485 1193 2566 quidquam

89 2581 104 2621 o
117 2568 243 2627 numeris
256 2568 429 2627 intentatum
443 2568 669 2647 reliquissent„
679 2570 753 2627 Nam
768 2571 822 2628 etsi
837 2583 924 2630 certae
945 2584 975 2630 et
995 2569 1112 2630 stabiles
1133 2587 1193 2627 me·

89 2661 184 2706 rorum
197 2649 297 2721 formae
312 2650 412 2708 alienae
426 2662 493 2708 sunt
513 2651 549 2707 ab
571 2651 736 2727 hujusmodi
758 2654 894 2724 numeris,
916 2672 988 2730 quos
1009 2651 1070 2730 ipsa
1091 2667 1192 2708 eorum
1254 2684 1256 2688 ι

89 2742 175 2789 utura
189 2750 253 2790 raro
267 2742 297 2791 et
311 2750 367 2789 non
383 2732 437 2790 nisi
450 2733 479 2788 in
494 2729 620 2796 maximo
633 2732 721 2790 animi
735 2744 816 2791 motu
832 2736 962 2812 usurpari
974 2733 1062 2792 sinit:
1083 2743 1193 2800 tamen,

91 2811 207 2871 uoniam
222 2831 322 2872 caussa
330 2814 409 2871 nulla
423 2813 584 2891 excogitari
598 2825 704 2891 potest,
719 2833 807 2892 quare
828 2834 945 2893 prorsus
959 2814 1060 2895 rejecti
1075 2812 1193 2882 fuerint,

89 2910 132 2951 ton
146 2906 242 2965 eruut,
263 2894 355 2952 sicubi
369 2895 490 2953 inveniri
505 2895 687 2968 videbuntur,
703 2897 880 2970 removendi,
894 2898 945 2956 sed
959 2895 1076 2957 retineri
1087 2893 1195 2973 potius,

89 2972 262 3054 dnotarique
276 2976 434 3034 debebunt.
476 2977 665 3036 Grammatici
687 2977 803 3057 quidem
819 2991 849 3037 et
862 2979 1019 3059 rhythmici
1038 2978 1063 3036 si
1085 2975 1194 3034 nullam

89 3072 176 3115 aarum
189 3056 366 3115 mentionem
380 3058 501 3128 faciunt,
522 3077 581 3115 nou
595 3071 639 3118 est
653 3061 732 3138 quod
746 3062 963 3121 conturbemur.
1003 3060 1080 3118 Nam
1094 3056 1196 3136 rhyth-

89 3136 140 3197 rici
154 3137 305 3216 rhythmos
319 3141 483 3198 tractabant
496 3139 525 3197 in
542 3151 631 3199 cantu
644 3159 662 3199 a
676 3141 792 3199 musicis
806 3154 949 3220 receptos,
974 3159 992 3199 a
1012 3141 1117 3219 quibus
1134 3156 1197 3197 me·

89 3231 185 3277 rorum
199 3220 311 3278 numeri
325 3220 408 3280 valde
422 3221 525 3279 diversi
536 3235 619 3280 sunt:
640 3222 821 3300 grammatici
831 3234 1024 3301 autemquam
1034 3219 1198 3280 doctrinam

89 3312 258 3374 nvenerunt,
282 3302 372 3360 easic
393 3313 438 3361 est
462 3315 638 3382 comparata,
663 3315 705 3375 ut,
727 3303 863 3380 quoniam
878 3323 936 3363 non
956 3320 1120 3371 numerum,
1144 3298 1197 3359 sed

89 3381 183 3441 redum
207 3383 344 3461 quasdam
367 3384 568 3462 proportiones
589 3396 712 3463 spectat,
739 3385 961 3462 praetermittere
984 3385 1037 3443 hos
1061 3399 1198 3443 numeros

89 3465 237 3523 lecessario
250 3465 394 3538 debuerit,
418 3465 524 3545 quippe
538 3485 610 3544 quos
631 3466 759 3524 versibus
781 3465 811 3523 iu
832 3466 965 3546 syzygias
987 3463 1138 3542 descriptis
1159 3460 1198 3521 ad

89 3539 132 3603 uia
145 3565 254 3624 genera
267 3546 383 3607 referata

118 3631 145 3686 2.
161 3629 264 3686 Manet
277 3638 374 3686 tamen
395 3628 425 3684 in
445 3628 501 3686 hac
526 3648 557 3686 re
578 3629 686 3707 aliquid
706 3629 820 3701 incerti,
842 3628 978 3707 quoniam
1002 3626 1148 3707 plerisque
1168 3624 1199 3681 iu

89 3692 159 3778 locis,
174 3709 261 3768 etiam
276 3709 299 3766 si
320 3709 563 3788 antistropharum
588 3711 803 3788 comparatione
819 3711 887 3770 satis
901 3709 1005 3769 muniti
1019 3709 1087 3781 sint,
1101 3719 1200 3766 tamen

91 3778 183 3848 breves
196 3789 314 3868 syllabae
327 3808 403 3868 saepe
418 3810 456 3849 ex
479 3791 670 3851 solutionibus
700 3791 852 3870 longarum
875 3803 946 3852 ortae
967 3790 1112 3849 videntur.
1154 3787 1202 3849 Ita

94 3858 233 3930 Boockhio
246 3871 276 3928 in
299 3872 414 3930 Pindari
436 3872 553 3950 olymp.
576 3873 614 3933 X.
635 3873 713 3950 quod
735 3893 849 3933 carmen
871 3874 925 3952 ipsi
939 3871 1125 3932 undecimum
1145 3878 1200 3938 est,

93 3960 138 4006 ton
152 3964 247 4029 potest
268 3953 435 4031 quidquam,
461 3955 540 4031 quod
560 3974 622 4014 rem
637 3954 783 4030 conficiat,
797 3956 915 4036 opponi,
943 3972 1033 4033 quum
1046 3952 1077 4010 in
1090 3951 1135 4010 his
1149 3969 1202 4012 nu·

94 4032 174 4093 neria

160 4152 248 4223 γλυκῧ
261 4154 313 4234 yolg
329 4154 401 4231 arisqi‘
408 4151 483 4229 ’μέλος
498 4154 599 4226 ὀφείλων
614 4151 755 4224 ἔπιλίλα9’,
767 4151 796 4222 ri,

89 4258 181 4325 breves
193 4266 318 4346 syllabas
336 4269 456 4327 trochaei
477 4268 622 4329 solutione
636 4270 744 4348 positas
759 4280 853 4349 putat.
905 4269 1016 4330 Contra
1028 4267 1130 4348 negari
1143 4286 1203 4327 nou
1217 4345 1221 4350 ⁵

89 4357 183 4422 potest,
207 4367 244 4409 ea
266 4349 377 4408 ratione
398 4349 545 4418 interdum
567 4369 714 4426 numeros,
738 4352 788 4430 qui
816 4350 884 4410 alias
905 4350 977 4411 mire
1003 4349 1150 4428 magnifici
1173 4358 1204 4405 et

610 4448 673 4508 Τί
