2694 4866
108 283 175 343 ,830
236 276 316 356 LIB.
336 275 394 338 111.
416 274 510 338 CAP.
530 273 601 337 XII.
615 273 675 337 DE
690 274 872 347 COMPOS.
888 273 1125 342 uulnerare.

115 459 171 519 est,
186 447 266 525 quod
280 457 324 506 est
338 445 425 506 etiam
439 445 469 503 in
484 444 629 504 nonnullis
643 464 744 505 eorum
764 463 910 517 versuum,
932 444 982 524 qui
1002 443 1043 504 ad
1058 453 1235 523 asynartetot

114 528 200 589 relati
214 541 313 587 sunta
327 526 531 606 grammaticis.
573 526 726 585 Secundus
739 525 847 605 gradus
860 538 905 586 eat
918 526 952 598 is,
972 545 1031 604 quo
1053 543 1235 585 assessura-

117 629 233 670 ronunt
249 620 353 668 natura
369 609 546 679 continetur,
561 608 639 684 quod
654 607 736 667 valde
750 608 850 666 laxum
863 607 1011 667 vinculum
1032 619 1087 666 est.
1131 606 1236 667 Tertius

117 709 339 751 consenseris
357 691 496 761 cernitur,
511 707 597 769 quarn
614 693 748 764 cordetuo
765 688 863 748 Graeci
877 699 993 761 vocant,
1009 709 1076 767 quoe
1097 687 1238 768 perfectis·

116 773 189 832 sima
202 773 372 849 conjunctio
386 785 441 831 est.

114 857 117 861 ’
162 859 210 914 13.
232 855 325 912 Moor
341 867 438 912 autern
453 851 663 911 nectendorum
677 870 863 911 numerorum
884 850 915 908 bi
936 861 1020 912 sunt:
1046 870 1088 909 nx
1111 870 1189 910 anst
1209 869 1237 908 ru

119 952 233 1006 aestu,
249 955 314 1014 quae
327 936 410 994 fortis
424 945 454 994 et
470 934 598 992 mascula
618 935 785 1012 conjunctio
805 944 868 993 est:
890 952 931 991 nx
952 951 1053 991 ranst
1076 951 1112 991 ru
1135 951 1237 1003 austu,

38 1028 41 1033 “
108 1036 184 1097 rquae
198 1017 327 1075 omnium
342 1028 386 1075 est
405 1015 549 1074 lenissimo
569 1026 599 1073 et
619 1014 799 1084 suavissima;
821 1033 862 1072 ax
882 1032 960 1072 anst
984 1033 1020 1072 ru
1043 1031 1238 1084 anscausus,

117 1117 184 1177 quae
198 1099 274 1158 inter
287 1097 340 1156 bas
353 1098 424 1157 duas
438 1095 537 1156 media
547 1107 591 1155 est
599 1128 608 1166 5
632 1114 673 1154 nx
694 1114 792 1155 aurat
807 1114 842 1154 ru
858 1113 1066 1168 anscauslu,
1081 1116 1149 1174 quae
1169 1094 1238 1155 debi-

117 1178 152 1238 lis
167 1191 196 1238 et
210 1180 305 1239 soluta
318 1190 372 1239 est.
944 1198 946 1202 ³

159 1265 207 1320 14.
229 1263 422 1321 Couvnasto
442 1259 578 1338 denique,
600 1278 664 1338 quae
685 1279 702 1318 a
723 1258 841 1336 tragicis
861 1259 978 1318 inventa
999 1258 1128 1330 videtur,
1152 1258 1181 1316 in
1202 1259 1237 1315 in-

46 1349 49 1352 ’
116 1341 298 1420 terruption'e
326 1341 440 1399 numeri
465 1361 518 1419 per
545 1340 722 1400 contrarium
750 1342 875 1419 aliquem
899 1359 1054 1399 numerum
1077 1339 1174 1418 posita
1192 1349 1238 1399 est.
1274 1406 1276 1417 Ι

116 1425 217 1490 Quare
231 1425 259 1480 in
274 1423 319 1479 his
333 1435 446 1482 tantum
461 1422 636 1480 carminibus
649 1423 746 1482 locum
760 1421 860 1492 habet,
875 1441 939 1501 quae
953 1440 1012 1481 uno
1027 1421 1152 1481 similive
1165 1420 1236 1500 pedis
1273 1422 1276 1434 '

116 1523 226 1582 genere
240 1502 410 1573 decurrunt,
425 1502 576 1581 modisque
591 1503 683 1562 utitur
696 1503 750 1574 his,
765 1503 869 1581 quibus
883 1503 992 1562 exemi
1006 1502 1037 1560 in
1051 1503 1129 1562 arsin
1143 1513 1193 1562 aut
1203 1521 1234 1561 ex
1272 1560 1276 1573 ,

115 1585 192 1644 tlresi
205 1586 235 1643 in
248 1585 402 1642 anacrusin
416 1585 564 1644 transitur.
606 1586 769 1663 Usurpetur
783 1584 844 1643 fere
859 1583 888 1640 in
909 1583 967 1642 line
987 1595 1189 1662 systematum,
1208 1594 1234 1641 ut

117 1685 208 1744 quum
223 1666 428 1745 anapaesticum
443 1677 569 1745 systema
583 1685 667 1725 versu
681 1666 827 1745 dactylico
841 1665 950 1739 finitur,
965 1666 1045 1725 velut
1059 1669 1140 1747 apud
1160 1665 1235 1725 Euri·

116 1747 214 1827 pidem
227 1747 258 1805 in
272 1747 400 1807 Hecuba
413 1766 441 1808 r.
454 1751 525 1810 213.

140 1913 143 1923 ¹
194 1887 236 1944 ‘tir
250 1882 303 1960 dysin
317 1879 342 1941 >i
352 1881 415 1952 βίον,
429 1880 517 1951 λῶβκν
530 1879 615 1956 λύμαν
628 1880 651 1939 τ’

195 1968 224 2025 οὗ
235 1964 436 2041 anulariam·
450 1966 525 2021 cibari
538 1966 618 2022 barris
630 1988 674 2039 μοι

234 2045 359 2122 ξυντυχία
379 2046 492 2126 agu‘rrrrr
507 2044 626 2126 irrigas-tr.

113 2158 159 2219 vel
173 2178 263 2239 quum
277 2156 454 2238 dactylicum
469 2171 596 2238 systema
609 2158 708 2219 finitur
721 2176 806 2218 versu
821 2157 1007 2239 anapaestico,
1021 2170 1056 2219 ut
1068 2160 1150 2240 apud
1161 2159 1242 2222 Aris.

52 2283 54 2289 -
114 2241 271 2321 tophanem
286 2241 316 2299 in
332 2241 410 2300 Nub.
425 2244 495 2300 388.
1036 2246 1039 2257 “
1233 2254 1238 2261 ·

123 2383 125 2387 ·
193 2357 258 2418 ἄλλ’
270 2359 463 2436 ἐποπισαίμυαι
478 2357 544 2430 rides
559 2357 661 2441 ’σ’μβςιυ

194 2441 328 2506 ἆθπηίτις
343 2437 418 2510 ilios,
433 2436 576 2516 ἔπιὸἄμιθα

233 2521 380 2600 venundari
392 2520 492 2598 ’ὄμματι
505 2528 594 2593 yaeirrr.

157 2657 206 2712 15.
228 2652 329 2711 Tertia
342 2653 523 2712 tractationis
540 2672 726 2712 numerorum
740 2672 807 2733 pars
819 2652 849 2711 in
859 2671 1091 2714 raoaoarronn
1104 2666 1232 2717 versatur.

115 2733 161 2793 Ea
174 2754 264 2812 quum
278 2734 387 2813 duplex
402 2734 449 2805 sit,
465 2753 705 2796 noucrrumnrs
720 2736 925 2804 membrorum,
938 2747 968 2794 et
977 2756 1155 2812 annonara,
1165 2749 1233 2797 utra·

115 2835 173 2893 que
197 2827 260 2874 tota
283 2836 322 2874 ex
347 2818 510 2893 argumenti
538 2828 642 2876 natura
669 2817 847 2896 consilioque
874 2822 968 2894 poiitae
995 2820 1115 2896 pendet.
1167 2819 1233 2877 Natu

117 2896 266 2975 aequabilis
281 2910 311 2955 et
324 2897 377 2955 sibi
399 2910 534 2956 constans
555 2899 643 2956 animi
663 2898 778 2959 affectio
799 2897 930 2976 aequalia,
952 2917 1049 2978 neque
1070 2912 1121 2960 aut
1142 2920 1192 2979 per
1208 2917 1234 2958 se
1274 2960 1276 2969 ,

112 2977 198 3040 nimis
212 2996 318 3055 magna
331 2978 376 3036 vel
390 2977 498 3055 exigua
518 2981 658 3048 membra,
680 2999 775 3058 neque
795 2980 918 3038 multum
940 2980 1090 3040 dissimilia
1109 2979 1232 3060 requirit5

112 3058 312 3116 vehementior
325 3071 423 3117 autem
437 3071 466 3118 et
478 3060 620 3119 variabilis
634 3071 729 3119 motus
744 3060 870 3119 numeris
885 3072 916 3118 ut
931 3072 1036 3120 natura
1050 3070 1103 3122 sua
1116 3060 1233 3131 diversis,

115 3141 157 3198 ita
171 3139 370 3218 magnitudine
384 3140 568 3200 dissimilibus
581 3141 700 3220 gaudet.
741 3142 867 3208 Quodsi
888 3143 1033 3201 interdum
1056 3145 1109 3223 ipsi
1132 3142 1232 3202 numeri

111 3227 219 3301 justam
234 3223 450 3301 proportionem
466 3223 738 3301 partiumindicare
761 3224 912 3296 videntur,
929 3237 1027 3282 tamen
1052 3226 1110 3285 hoc
1131 3245 1189 3284 non
1206 3222 1232 3280 iit
1271 3286 1276 3305 .

113 3304 207 3374 aliter,
224 3305 279 3362 nisi
293 3316 431 3383 percepta
446 3304 652 3384 intellectaque
667 3305 765 3364 indole
779 3324 890 3363 eorum.
932 3306 1021 3365 Unde
1041 3306 1072 3364 in
1093 3327 1177 3367 versu
1188 3306 1232 3364 be·
1273 3374 1276 3383 Ι

113 3386 194 3444 roico
211 3386 371 3443 communis
386 3386 517 3444 ordinum
533 3387 634 3445 divisio
648 3405 682 3444 ea
697 3398 751 3456 est,
767 3406 833 3464 quae
845 3387 874 3443 in
889 3387 985 3445 medio
1000 3389 1090 3446 tertio
1109 3389 1184 3466 pede
1195 3388 1234 3455 fit,

117 3486 175 3544 quo
190 3466 255 3524 loco
270 3487 369 3525 versus
383 3468 412 3523 in
427 3467 498 3526 duas
518 3488 574 3526 nec
588 3467 674 3547 plane
695 3487 787 3546 pares,
804 3487 859 3526 nec
874 3468 957 3526 valde
978 3468 1131 3528 dissimiles
1145 3479 1230 3549 partes

117 3548 300 3626 dispescitur.
342 3549 377 3606 ln
392 3549 547 3608 trochaicis
561 3561 658 3607 autem
674 3549 861 3629 iambicisque
882 3550 1011 3607 versibus
1025 3570 1092 3628 quae
1106 3549 1231 3610 clausula

115 3629 192 3706 apud
211 3630 339 3689 comicos
359 3631 554 3699 inveniuntur,
576 3650 733 3708 numquam
754 3641 805 3689 aut
824 3629 1090 3709 brachycatalectae
1110 3643 1187 3704 suut,
1202 3626 1232 3688 'ut

114 3710 187 3769 libro
203 3711 227 3769 I.
242 3731 268 3771 c.
287 3717 376 3783 ll,1l.
393 3724 423 3770 et
436 3712 510 3770 libro
525 3714 566 3772 ll.
582 3732 608 3772 c.
626 3718 672 3772 18.
689 3717 735 3771 13.
753 3718 802 3773 14.
822 3732 851 3789 p.
875 3716 942 3773 181.
963 3713 1154 3785 ostendimus,
1175 3713 1231 3792 quia

113 3791 156 3848 sic
180 3794 340 3870 proportio,
365 3814 429 3872 quae
451 3814 586 3852 versuum
610 3793 724 3852 illorum
748 3793 866 3870 ingenio
890 3795 1036 3865 convenit,
1063 3796 1228 3855 turbaretur.

116 3872 227 3931 Contra
242 3875 305 3952 quis
320 3875 473 3951 improbet,
488 3895 523 3934 ac
537 3895 595 3934 non
610 3874 769 3934 admiretur
782 3876 877 3952 potius
899 3875 1099 3936 diversissimae
1112 3877 1230 3957 longitu-

116 3952 191 4012 dinis
205 3957 334 4014 membra
348 3956 377 4013 in
391 3955 435 4014 his
451 3957 583 4036 AEsohyli
597 3957 725 4017 versibus
734 3956 762 4014 in
773 3955 959 4029 Prometheo,
971 3963 1038 4019 183.

195 4078 235 4149 πᾷ
248 4074 312 4130 ποτὲ
323 4069 394 4131 wilde
408 4072 484 4131 orirer

193 4155 243 4231 χςῆ
258 4178 283 4210 rs
296 4154 376 4232 rigna
388 4153 447 4213 κὲλ-

194 4233 264 4290 rarr'
279 4232 369 4294 irrisis·
384 4238 499 4313 ἀκίχητα
512 4239 565 4318 γὰρ
579 4236 642 4306 ἤθεα
656 4242 702 4300 aa>
714 4237 774 4322 aiae
788 4239 960 4319 draegsiuobsr
972 4236 1024 4317 ’ἔχει
1040 4239 1136 4322 Κςᾶιου
1150 4243 1219 4305 vais·
