2694 4866
186 267 246 330 DE
267 264 462 332 IAMBICIS
484 260 722 335 ralmurars
744 260 1057 326 Acarnuucrls.
1152 265 1195 332 75

49 449 122 534 post
145 457 286 498 casuram
310 448 365 512 est,
387 455 447 496 uno
470 434 573 495 ordine
595 444 722 506 constat,
742 433 796 496 sed
817 432 868 506 ita,
891 443 925 493 ut
945 433 1020 495 duos
1040 433 1104 496 illos
1117 453 1189 498 oon.

52 532 160 594 uneat,
226 550 229 555 ¹

154 636 165 662 Ι
254 635 264 661 Ι

137 635 360 720 ...tr-s-

55 832 60 839 .
130 757 212 838 μὴ(
227 750 367 837 derglrr
382 755 472 836 nupt·
486 752 580 831 talpa·
593 750 616 812 ἲ
630 756 698 835 οἰνάς.

52 870 204 931 Praeterea
213 889 283 930 vero
297 869 339 928 illi
354 888 471 949 quoque
486 888 597 943 versus,
618 868 669 949 qui
684 889 825 930 caesuram
839 869 869 928 in
882 870 979 929 medio
993 870 1097 949 quinto
1111 872 1189 952 pede

53 952 176 1026 habent,
197 964 279 1012 recte
303 971 339 1012 eo
363 952 430 1010 loco
454 951 572 1030 longam
593 951 734 1030 syllabam
755 951 910 1012 admittere
930 951 1076 1023 videntur,
1097 973 1189 1032 quum

54 1033 118 1113 ipsa
134 1053 246 1093 caesura
258 1053 377 1113 pausam
391 1052 428 1092 eo
441 1033 508 1092 loco
529 1032 602 1106 fieri,
624 1052 786 1112 vocemque
809 1032 970 1094 consistere
988 1035 1100 1114 jubeat.
1139 1034 1189 1094 Ita

56 1114 88 1174 in
102 1115 207 1196 Eurip.
223 1116 343 1176 Heracl.
357 1119 429 1176 530.

134 1240 183 1296 ael
196 1242 372 1313 nipperoi‘ert
384 1238 430 1295 ul
444 1233 617 1317 mdgffl’,
635 1233 644 1316 Ι
659 1240 680 1293 ri
693 1231 769 1294 dati.

98 1357 147 1413 10.
168 1351 332 1410 Porsonum
345 1360 487 1429 sequutus
502 1368 606 1408 censor
620 1347 757 1409 editionis
770 1366 844 1408 meae
857 1347 1030 1429 Supplioum
1043 1345 1190 1428 Euripidis

55 1431 87 1490 in
101 1432 205 1491 Diario
219 1431 341 1491 classico
357 1437 375 1512 (
380 1429 520 1490 Classical
531 1430 679 1504 Journal)
696 1431 732 1488 Τ.
748 1429 832 1491 XVI.
846 1451 875 1511 p.
888 1437 960 1493 428.
973 1449 1056 1510 seqq.
1076 1428 1147 1488 dum
1160 1428 1191 1487 in

57 1533 105 1573 res
117 1513 252 1573 fortuitas
267 1512 406 1592 parvique
416 1513 557 1582 momenti
568 1514 701 1573 intentus
710 1523 783 1584 erat,
799 1513 930 1592 regulam
940 1510 1093 1592 proposuit
1102 1511 1191 1583 hanc,

58 1595 110 1654 ubi
124 1594 228 1655 tertius
242 1615 293 1673 pes
302 1593 406 1672 tragici
420 1594 525 1654 senarii
540 1614 599 1654 una
611 1614 685 1654 voce
700 1594 911 1666 contineretur,
931 1593 1076 1672 simulque
1092 1611 1194 1652 versus

58 1675 150 1737 dividi
163 1687 262 1756 posset
280 1674 397 1734 iu'duas
410 1686 508 1754 partes
533 1677 669 1756 aequales,
691 1677 865 1756 plerumque
879 1677 1000 1736 alteram
1014 1693 1114 1735 versus
1127 1669 1194 1753 piar·

56 1768 117 1818 tem
131 1769 182 1817 aut
202 1757 352 1817 elisionem
366 1768 435 1816 aute
448 1777 481 1816 se
494 1757 614 1830 habere,
635 1771 686 1818 aut
696 1758 843 1818 vocabulo
866 1757 1007 1836 incipere,
1028 1755 1107 1835 quod
1128 1774 1193 1814 ora-

56 1842 168 1899 tionem
179 1839 318 1898 inchoare
328 1857 386 1897 non
399 1850 510 1917 posset,
523 1840 613 1899 veluti
623 1840 665 1909 ἂν,
680 1841 721 1914 «μ’
735 1883 745 1911 ,
766 1837 801 1912 ll,
820 1839 873 1916 pb,
895 1839 1072 1916 omninoque
1086 1836 1192 1896 dictio-

57 1921 144 1981 nibus
158 1921 315 1989 enclitiois;
335 1938 458 1998 eamque
472 1921 604 2000 regulam
617 1940 677 1980 nou
690 1940 724 1980 so
735 1941 785 1980 um
799 1920 837 1980 ad
851 1940 902 1981 eos
926 1939 1026 1979 versus
1046 1928 1191 1998 spectare,

58 2003 89 2061 in
113 2002 220 2081 quibus
240 2003 344 2062 tertius
358 2020 411 2080 pes
424 2001 471 2060 vel
485 2003 601 2081 integro
615 2002 769 2076 vocabulo,
790 2003 836 2061 vel
849 2013 933 2082 parte
945 2001 1085 2078 longioris
1100 2018 1191 2059 voca·

56 2084 118 2145 buli
131 2084 313 2165 impleretur,
333 2083 385 2143 sed
399 2082 529 2143 etiamin
549 2085 655 2163 quibus
674 2085 748 2144 illud
767 2084 943 2143 vocabulum
967 2102 1006 2142 ex
1027 2082 1142 2140 duobus
1162 2080 1193 2140 ia

56 2185 149 2226 unum
172 2165 312 2246 conjungi
334 2164 425 2224 solitis
449 2177 606 2239 ccustarat,
631 2167 730 2246 qualia
748 2176 816 2225 sunt
830 2165 920 2236 δήπου,
943 2163 1023 2271 deq,
1043 2162 1111 2235 slva,
1132 2163 1192 2222 aal-

56 2274 112 2331 mg,
133 2249 229 2320 seiros,
247 2250 339 2326 μέντοι,
360 2248 438 2320 iores,
459 2248 529 2322 ὅταν,
551 2248 630 2321 οὔτις,
654 2249 735 2319 ὀῦτω,
759 2250 859 2330 selvae,
876 2250 964 2318 τοίνυν,
985 2248 1079 2326 dome.
1121 2243 1192 2302 Non

56 2328 153 2402 facile,
173 2329 279 2408 iuquit,
299 2327 433 2408 intelligi,
454 2349 506 2388 our
520 2329 611 2409 magis
625 2329 768 2411 placuerit
781 2330 900 2389 auribus
915 2325 1151 2398 Atheniensium,

135 2453 168 2514 εἰς
182 2445 260 2507 valada
273 2450 325 2529 yde
340 2445 456 2521 called
474 2446 481 2530 Ι
499 2448 643 2525 latoidum
657 2444 729 2518 roilo,
744 2514 750 2525 ‚

136 2531 199 2596 κείνη
213 2533 265 2612 723
280 2527 367 2590 sintrio
379 2527 391 2612 Ι
409 2555 450 2600 m,
471 2535 504 2597 εἰς
519 2532 607 2611 Tgor‘aer
620 2530 644 2589 τ’
654 2528 725 2602 ἔγω,

61 2663 156 2726 quam,

136 2768 169 2828 sis
183 2759 262 2822 frioda
274 2764 328 2843 qd<
340 2759 469 2903 13&qu
487 2761 631 2834 ἐπηυξάμην
645 2759 718 2833 rrt'dr,

134 2846 197 2909 stirs
210 2847 264 2926 qd(
278 2843 367 2903 ἔλιπεν
382 2839 390 2925 Ι
407 2870 442 2902 ra
466 2887 474 2912 ,
497 2849 529 2910 εἰς
544 2845 634 2926 Tgor'otr
647 2844 672 2903 r’
684 2843 754 2916 ἅγια,

59 2955 181 3033 arfasto
194 2966 294 3017 tamen
314 2974 376 3016 rem
398 2956 591 3036 comprobari.
635 2956 750 3036 Nempe
771 2965 834 3016 tota
855 2952 911 3015 ista
934 2949 1098 3014 observatio
1121 2949 1188 3011 talis

59 3048 112 3110 est,
132 3049 176 3109 ut,
198 3037 249 3118 qui
262 3037 305 3098 sic
319 3056 420 3097 omnes
432 3038 611 3118 tragicorum
625 3058 724 3098 versus
738 3056 791 3118 per
811 3036 941 3116 singulos
963 3034 1055 3114 pedes
1075 3030 1187 3093 exami-

60 3137 127 3180 nare
139 3120 228 3192 volet,
251 3119 343 3179 multa
352 3120 443 3200 possit
457 3120 634 3199 huJusmodi‚
655 3141 721 3200 quae
734 3139 804 3180 casu
817 3119 987 3189 factasunt,
1009 3136 1062 3197 pro
1076 3113 1186 3192 regulis

62 3201 193 3263 rendere.
233 3200 314 3268 Quid
328 3212 373 3261 est
386 3201 474 3276 euim,
495 3202 585 3281 quod,
607 3213 640 3262 ut
653 3202 716 3281 ipse
725 3202 835 3262 fatetur
848 3200 892 3258 vir
904 3200 1020 3271 doctus,
1045 3197 1095 3276 qui
1108 3197 1187 3255 hanc

65 3282 289 3344 observationem
309 3283 339 3341 in
353 3282 482 3344 medium
500 3283 608 3356 attulit,
630 3284 788 3363 AEschylus
802 3302 838 3343 ac
854 3281 1014 3360 Sophocles
1027 3297 1105 3357 saepe
1118 3276 1183 3336 vio-

64 3361 188 3425 laverunt
200 3365 298 3443 legem
311 3366 406 3437 istam,
428 3364 583 3444 Euripides
596 3376 706 3439 autem,
726 3366 819 3425 multo
833 3364 889 3423 illis
897 3363 966 3423 alias
977 3358 1183 3439 negligentior,

21 3520 25 3525 Ι
64 3462 122 3505 eam
141 3446 329 3507 observarit?
351 3447 431 3507 Num
451 3447 493 3505 illi
507 3447 577 3520 duo,
598 3447 648 3526 qui
661 3447 808 3528 principes
821 3446 851 3505 iu
864 3445 922 3505 hoc
936 3462 1046 3523 genere
1059 3442 1183 3520 poe'seos

63 3524 146 3588 babiti
159 3539 238 3601 sunt,
262 3548 322 3588 non
342 3528 445 3588 eadem
458 3529 489 3587 in
503 3530 576 3588 urbe
589 3529 702 3589 fabulas
715 3549 793 3602 suas,
813 3540 844 3588 et
855 3545 954 3587 coram
967 3526 1070 3583 iisdem
1085 3521 1181 3580 Athe-

41 3610 47 3621 '
62 3607 199 3671 aiensibus
209 3609 426 3670 exhrbuerunt?
439 3613 559 3678 Quanto
568 3611 659 3671 satius
672 3623 747 3686 erat,
760 3611 798 3671 ad
807 3608 880 3668 illud
889 3606 978 3667 animi
987 3603 1182 3664 attentionem

64 3703 234 3764 convertere,
256 3693 337 3770 quod
360 3694 493 3766 Graecos,
513 3693 538 3752 si
560 3711 592 3753 sa
613 3704 707 3766 erent,
733 3693 833 3753 facere
854 3689 1019 3771 oportebat,
1040 3682 1183 3764 quodque

62 3769 156 3834 fecisse
169 3793 231 3847 eos,
251 3773 422 3854 diligentem
435 3776 577 3835 lectorem
590 3713 685 3835 ibtere
696 3794 756 3833 non
775 3783 882 3854 potest,
903 3782 938 3832 ut
951 3789 1004 3850 pro
1025 3765 1179 3826 sententia

60 3863 140 3935 atque
163 3855 304 3917 orationis
326 3855 481 3937 multiplici
501 3856 742 3930 conformatione,
763 3875 875 3936 proque
897 3873 933 3915 ea
945 3851 1069 3920 ratione,
1082 3866 1179 3933 ‘quatu

59 3936 184 3999 recitatio
195 3936 282 3997 dictis
292 3938 471 3998 conveniens
484 3939 568 4019 sequi
577 3939 709 4012 deberet,
729 3938 786 3999 alio
799 3950 889 4017 atque
906 3935 963 3994 alio
976 3930 1069 3992 modo
1078 3948 1179 3991 versus

59 4030 273 4101 componerent,
293 4019 366 4078 nihil
379 4019 434 4080 nisi
452 4041 570 4082 sensum
582 4021 700 4101 sequuti
712 4035 810 4082 suum:
832 4038 920 4099 quem
932 4034 986 4075 nos
999 4013 1024 4075 si
1036 4008 1177 4091 indagare

56 4100 195 4174 volumus,
215 4119 277 4161 non
289 4121 358 4162 eum
367 4101 502 4181 profecto
513 4121 552 4163 ex
563 4102 669 4163 litteris
681 4114 713 4164 et
725 4101 843 4184 syllabis
853 4099 992 4178 colligere
1005 4093 1177 4176 poterimus,

50 4182 114 4329 {pn
145 4183 233 4255 otius,
253 4202 294 4244 ex
316 4183 400 4245 fonte
422 4204 487 4259 suo,
507 4185 646 4246 orationis
668 4184 879 4262 sententiaque
902 4192 1017 4253 natura,
1043 4177 1177 4249 haustus,

12 4264 22 4347 ι
86 4354 137 4414 ll.
158 4346 210 4410 Ex
232 4347 336 4411 eadem
354 4352 443 4432 justa
465 4346 645 4413 recitationis
664 4346 866 4413 observatione
879 4345 959 4412 aliud
972 4339 1112 4425 explicari
1125 4338 1176 4400 de·
