2694 4866
143 290 203 351 192
225 338 230 345 ,
501 281 585 343 Lm.
603 281 645 343 11.
665 280 758 344 CAP.
779 280 897 343 xxm.

143 498 177 546 65
210 488 274 561 quin
284 487 457 543 fundamento
468 485 603 571 punierint,
614 504 665 542 uec
676 487 814 560 quisquam
822 500 880 542 etse
890 483 1093 612 auptdrfqfiqut.

244 557 908 718 {truttrttruarutrutrrrr
1012 594 1021 612 ·

244 712 301 756 arte
311 699 480 772 gymnicum
491 701 592 756 disco-
623 711 695 767 usus,
711 701 774 773 pila,

245 773 332 838 cursu,
342 801 360 811 -
372 772 460 837 armis,
470 790 557 855 pquo:
575 771 727 856 qictitabdm
742 771 833 845 volup.

143 852 177 900 '10
211 841 369 914 parsimonia
381 842 409 897 et
420 843 517 898 dunua
528 844 674 914 disciplmoe
684 843 744 899 allis
757 859 843 899 mam:

209 913 311 983 bptumi
322 913 419 985 quique
430 913 591 997 dxpetebant
601 915 672 998 dume
693 910 916 996 doctrinm-sibi.
928 981 936 995 ·
1061 980 1071 995 ο

209 985 290 1051 ndns,
300 994 440 1056 postquam
451 984 527 1039 mhrli
539 985 645 1053 sum,1d
656 1002 720 1041 vero
730 986 837 1057 meopte
846 999 955 1055 tagenio
965 979 1081 1054 reppert-

141 1103 179 1163 V.
193 1109 224 1166 2.
235 1104 357 1166 institisti
381 1103 484 1164 Reizio
504 1105 637 1165 debetur.
678 1105 715 1164 V.
729 1104 860 1184 evulgo
873 1123 934 1164 cam
947 1098 1156 1165 renodatam
1193 1098 1248 1159 Mt.

140 1184 222 1264 Lips.
235 1184 364 1247 volitavi.
402 1185 439 1244 V.
463 1186 610 1266 ll.vulgo
630 1207 688 1247 essa
701 1187 752 1247 ito.
793 1186 830 1247 V.
849 1189 895 1248 12.
908 1182 998 1244 etiarn
1011 1182 1079 1244 cod.
1092 1181 1175 1263 Lipt.
1185 1200 1249 1241 arra.

141 1266 181 1325 V.
202 1269 251 1328 20.
264 1286 325 1345 seq.
339 1266 380 1327 ita
399 1266 486 1345 plane
510 1264 577 1327 cod.
600 1268 681 1348 Lips.
701 1267 757 1328 nisi
780 1267 869 1348 quod,
891 1277 924 1325 ut
938 1265 1037 1325 caari
1051 1264 1140 1325 oodd.
1152 1278 1248 1357 W

133 1355 359 1430 pascuatsaam.
402 1348 437 1409 V.
450 1353 500 1410 25.
513 1348 610 1408 addidi
624 1370 716 1430 quom.
756 1348 792 1409 lu
812 1349 871 1408 fine
890 1345 1248 1427 sequentisverauugdvr

141 1426 189 1486 vel
202 1426 251 1488 illc
275 1438 335 1489 tum
357 1428 500 1490 excidisse
521 1430 646 1491 videtur.
686 1430 724 1490 V.
746 1438 795 1493 30.
818 1429 906 1509 vulgo
916 1430 1021 1509 fictra
1033 1431 1103 1507 jan
1122 1435 1248 1489 erratu·

141 1511 216 1575 Quae
229 1509 372 1589 scriptura
384 1530 443 1569 non
456 1513 593 1590 pugnabo
606 1532 644 1573 ne
656 1524 798 1573 servetur.
836 1511 885 1575 lta
904 1528 1003 1569 versus
1022 1508 1080 1570 erit
1097 1528 1139 1571 ex
1152 1504 1250 1567 duabu

142 1590 267 1651 Creticis
280 1602 311 1651 et
330 1592 432 1651 ordine
445 1594 595 1654 trochaico
608 1593 796 1673 compositus,
810 1604 844 1652 ut
858 1613 886 1655 r.
898 1597 950 1654 50.
968 1595 1020 1651 51.
1059 1588 1167 1670 Neque
1188 1583 1246 1680 affir-

140 1671 288 1744 moverim,
310 1692 370 1733 non
392 1693 477 1753 posse
498 1676 585 1734 talem
605 1695 668 1736 esse
692 1675 781 1735 etiam
794 1695 821 1736 v.
834 1678 885 1736 25.
904 1671 959 1733 etsi
972 1671 1003 1732 id
1015 1671 1076 1732 isto
1088 1671 1157 1733 loaa
1169 1682 1246 1729 mnu

139 1752 246 1832 placet.
287 1754 325 1815 V.
338 1759 388 1815 31.
401 1755 500 1815 addidi
512 1777 557 1816 ca.
596 1757 633 1815 V.
656 1763 706 1819 33.
730 1757 817 1817 etiam
840 1756 906 1815 cod.
927 1752 1244 1835 Lipaucqucrlaataa

35 1876 38 1881 ·
138 1844 235 1894 acuat.
275 1835 425 1896 Lacunam
439 1836 482 1896 sic
494 1838 606 1918 expleri
619 1838 728 1908 licebit,
749 1837 960 1920 aeqaciddum
980 1830 1246 1914 atsaoiaatsact'ul·
1285 1846 1287 1853 '

110 1912 114 1921 “
139 1914 178 1976 V.
192 1920 241 1978 36.
254 1917 355 1996 scripsi
368 1919 465 1978 docere
478 1939 531 1998 pro
545 1920 646 1980 dicere.
688 1921 726 1981 V.
738 1926 788 1979 40.
801 1916 866 1978 libri
879 1928 1002 1987 veteres,
1025 1925 1054 1976 ct
1077 1925 1111 1978 at
1131 1916 1164 1975 ia
1182 1926 1244 1973 aaut·

140 1995 215 2068 boni,
236 2007 264 2056 et
282 1998 313 2058 ia
328 2000 442 2078 speciem
448 1998 554 2082 populo
567 2003 635 2061 siat.
676 2002 713 2061 V.
726 2005 775 2063 42.
790 1998 928 2059 Dubitari
940 2008 1048 2078 potest,
1063 1995 1244 2057 mensunu-
1284 2002 1287 2035 ¹

140 2087 173 2138 to
188 2078 486 2145 Bacchiaconumero
498 2082 655 2161 scripserit,
669 2103 719 2142 aec
732 2090 857 2160 sumptus
873 2079 928 2141 sibi
939 2088 1066 2159 sumptas
1078 2078 1192 2151 ducaret,
1203 2070 1245 2141 rel·
1281 2074 1287 2145 ἶ

137 2180 189 2220 acc
208 2170 333 2241 sumptas
350 2172 546 2243 sumptuosae
564 2163 681 2225 domat.
722 2163 759 2224 V.
781 2167 832 2225 46.
851 2162 911 2223 itur
930 2159 1012 2221 dedit
1025 2158 1186 2239 ababuc
1218 2152 1246 2213 l·
1280 2226 1282 2230 ,

133 2249 190 2304 08.
203 2243 291 2321 vulgo
305 2263 389 2301 anum
403 2243 460 2303 uhi.
501 2246 539 2304 V.
562 2251 610 2309 56.
624 2246 711 2323 vulgo
735 2243 914 2325 imbremque.
954 2240 1150 2313 V.57.11bri‚
1167 2239 1245 2301 dm

140 2322 227 2395 bavit,
240 2324 320 2394 tecit,
333 2324 521 2406 detectiquea
535 2346 578 2385 ma
601 2325 686 2398 illico,
709 2336 739 2385 et
763 2336 830 2404 post
853 2323 976 2405 obtigere
988 2321 1184 2383 adduutaaar.
1216 2312 1244 2375 V·
1281 2362 1285 2368 -

140 2409 191 2464 59.
205 2403 348 2463 excidisse
360 2404 475 2463 videtur
488 2407 528 2464 ad
538 2427 590 2466 me.
631 2407 670 2467 V.
694 2410 744 2470 61.
765 2406 855 2485 vulgo
877 2406 1022 2499 decusque.
1063 2403 1102 2462 V.
1115 2408 1166 2467 69.
1176 2401 1257 2461 itala²

132 2489 199 2566 jam
223 2484 332 2542 mutavi
355 2495 385 2543 et
408 2485 507 2545 addidi
530 2508 612 2546 nanc.
653 2482 692 2545 V.
716 2493 765 2551 65.
786 2487 875 2566 vulgo
896 2506 964 2569 praa
987 2486 1241 2565 confluamus
1276 2559 1287 2571 ἱ

143 2565 312 2643 Comparari
330 2576 426 2643 potest
447 2567 701 2642 cistelr.11.a,1.
1198 2621 1202 2626 .
1276 2604 1281 2610 -

210 2698 290 2735 auum
301 2690 417 2737 sectatus
428 2699 485 2736 sum
497 2682 612 2738 clamore
623 2700 671 2756 per
681 2683 744 2739 vias.

93 2796 96 2801 ⁴
141 2795 173 2845 et
186 2783 216 2842 in
230 2784 317 2863 Epid.
331 2785 373 2845 II.
389 2792 416 2858 l,
431 2791 460 2847 6.
473 2807 586 2847 acorem
595 2789 706 2867 pudore
719 2809 781 2849 ecre
800 2789 840 2864 ai,
858 2808 945 2867 quam
965 2788 1066 2855 locum
1085 2785 1161 2847 infra
1182 2778 1243 2843 dabi-

142 2883 207 2924 mus
228 2885 319 2943 segm.
343 2872 391 2928 16.
430 2867 468 2927 V.
493 2874 542 2930 66.
565 2868 664 2927 addidi
686 2890 747 2951 ego.
818 2876 898 2933 .68.
921 2875 971 2933 69.
992 2866 1091 2929 hiatus
1108 2863 1203 2929 similia
1218 2879 1239 2919 u
1272 2882 1287 2955 ζ

142 2944 228 3006 simili
240 2947 307 3005 loco
321 2948 481 3026 comparari
495 2950 611 3026 poterit,
627 2952 738 3011 Bacch.
750 2950 809 3011 Ill.
823 2956 853 3025 3,
874 2957 924 3014 24.
1274 2958 1287 2967 “

212 3061 250 3115 ibi
262 3077 350 3129 cumn,
362 3061 499 3130 luctando,
512 3099 528 3107 -
539 3064 623 3134 hasta,
635 3067 718 3135 disco,
728 3068 856 3140 pugilatu,
867 3068 929 3140 pila.

140 3251 264 3329 aliquam
284 3251 495 3313 dubitationem
508 3254 641 3337 relinqui,
663 3277 701 3318 an
724 3257 842 3327 rectius,
867 3255 997 3316 adhibito
1018 3273 1052 3314 or
1075 3254 1082 3267 “
1103 3251 1149 3314 e'

141 3331 254 3404 chalco,
267 3353 367 3393 versus
379 3334 421 3395 ita
439 3334 663 3416 distinguantur,
1116 3340 1118 3349 '

211 3467 270 3524 arte
279 3467 449 3538 gymndstica,

283 3538 367 3604 disco,
378 3539 470 3608 hastis,
477 3540 541 3612 pila,

283 3610 370 3675 cursu,
382 3611 469 3678 armis,
480 3630 558 3685 equo.

212 3680 363 3736 victitabam
374 3683 464 3753 volup,

141 3780 200 3840 sive
214 3782 328 3860 placeat
341 3782 450 3861 priores
464 3787 538 3846 duos
551 3786 582 3843 in
603 3806 692 3844 unum
708 3783 856 3863 conjungi.
1191 3850 1198 3864 ,
1271 3823 1287 3859 :

182 3867 229 3921 10.
250 3863 401 3922 Interdum
424 3884 524 3926 versus
545 3867 702 3927 Bacclriaci
716 3866 851 3926 videntur
864 3871 1055 3943 systematum
1069 3854 1241 3941 perpetuali
1271 3920 1287 3932 ,

141 3942 297 4004 cohaerere.
338 3944 431 4003 Varro
445 3952 500 4029 argi
514 3950 641 4023 ἐξαγωγῆς
655 3947 734 4028 apud
748 3947 878 4006 Nonium
891 3966 921 4024 p.
935 3949 1004 4006 336.
1271 3972 1276 3979 ¹

211 4060 351 4126 quemndm
363 4071 391 4116 te
402 4078 460 4116 esse
478 4062 574 4129 dicam,
589 4064 645 4118 ferti
663 4065 709 4135 qui
720 4065 799 4118 martir
812 4080 871 4119 cor·

211 4129 282 4195 poris
292 4129 529 4188 serviddsfontium
541 4132 627 4204 aperis
639 4135 710 4189 lacus
722 4153 781 4190 sen·

212 4196 306 4266 guinis,
317 4211 395 4274 teque
407 4205 463 4260 vita
474 4202 546 4261 levas
557 4202 643 4261 ferreo
656 4205 738 4261 ense?

141 4315 323 4396 Quamquam
345 4325 423 4403 apud
438 4325 585 4401 Plautum,
599 4328 683 4407 cujus
697 4326 746 4386 vix
767 4327 825 4388 ulla
838 4324 936 4387 fabula
948 4321 1011 4382 sine
1026 4307 1192 4381 Bacchis&
1202 4307 1254 4373 tir·
