2694 4866
317 234 375 296 DE
398 232 666 297 CARMINIBUS
689 233 901 296 CHORICIS.
960 268 964 277 »
1114 241 1174 302 475

37 423 108 466 esse
123 405 253 474 chorum,
268 415 356 483 atque
370 404 516 464 interdum
529 403 658 482 singulos
672 415 806 464 cantores
825 403 974 473 cecinisse,
997 414 1078 464 certo
1100 426 1171 465 con-

36 498 110 547 stat.
153 487 212 546 Sed
235 476 295 544 lric‘-
305 486 421 564 quidem
442 485 620 564 singulorum
645 497 747 544 cantus
771 506 831 545 non
855 486 971 544 videtur
988 485 1026 544 ad
1040 506 1075 545 ea
1088 489 1171 546 chori

38 568 172 627 carmina
191 568 347 646 pertinere,
369 586 434 646 quae
455 568 572 627 stasima
596 578 626 626 et
648 567 785 646 parodus,
809 589 848 627 ex
873 568 1039 627 Aristotelis
1054 569 1171 647 quidem

37 647 221 721 definitione,
236 659 386 708 vocantur.

81 735 112 790 8.
133 730 183 789 Ex
204 729 248 788 his
269 740 407 809 quattuor
420 727 611 788 distribuendi
638 729 719 788 chori
742 731 835 790 modis
855 731 977 790 fortasse
998 730 1094 790 nullus
1115 744 1170 805 est,

38 830 101 891 quo
122 831 181 870 non
205 811 263 870 sint
288 811 331 869 usi
356 809 467 888 tragici.
511 809 569 867 Sed
584 810 647 889 quis
661 814 777 891 quoque
791 814 821 870 in
834 814 901 870 loco
914 813 962 870 vel
977 813 1104 872 carmine
1118 814 1170 873 ad·

38 892 152 952 hibitus
175 892 272 965 suerit,
297 894 469 971 plerumque
493 890 637 948 incertum
661 903 716 950 est.
757 892 879 971 Aliquid
903 905 1002 951 tamen
1024 891 1105 952 nunc
1129 915 1167 954 ex

35 972 225 1053 argumento,
240 992 319 1032 nunc
333 993 372 1033 ex
387 971 574 1050 dispositione
588 971 780 1048 stropharum,
795 973 874 1031 rinno
888 974 976 1032 etiam
990 994 1028 1033 ex
1041 976 1171 1035 numeris

36 1055 140 1133 colligi
153 1066 261 1134 potest.
301 1055 348 1114 Ita
361 1054 411 1133 qui
425 1070 552 1123 carmen,
575 1049 654 1130 quod
666 1051 697 1108 in
719 1052 923 1129 Agmemnone
943 1065 988 1113 est
1014 1075 1078 1115 av.
1099 1059 1171 1120 375.

32 1147 151 1196 attente
166 1135 401 1206 consideraverit,
415 1134 510 1204 facile,
531 1152 626 1211 spero,
648 1130 820 1201 adducetur,
842 1143 875 1190 ut
895 1136 1032 1211 epodum,
1053 1156 1118 1216 qnae
1139 1138 1170 1195 in

31 1216 95 1277 fine
109 1216 209 1277 addita
222 1219 277 1289 est,
291 1236 350 1276 non
364 1236 382 1275 a
395 1227 458 1274 toto
473 1215 563 1274 choro
576 1224 721 1273 cantatam
742 1212 796 1272 sibi
817 1214 999 1292 persuadeat.
1042 1220 1118 1277 Nam
1140 1219 1171 1277 in
1199 1235 1203 1243 ’

31 1298 163 1378 strophis
177 1310 265 1377 atque
279 1296 465 1376 antistrophis
474 1314 579 1373 magna
592 1306 660 1354 sunt
674 1295 779 1365 omnia,
795 1305 825 1353 et
839 1296 945 1373 gravia,
961 1299 1170 1378 sententiisque

32 1380 163 1459 egregiis
183 1381 285 1459 plena:
307 1381 337 1438 in
359 1379 454 1458 epodo
475 1388 573 1437 autem
587 1377 636 1436 illa
649 1375 720 1433 nihil
735 1376 789 1434 nisi
803 1377 946 1436 dubitatio
960 1378 1055 1457 aliqua
1077 1380 1170 1460 injici.

33 1475 87 1523 tur
111 1460 149 1520 de
172 1461 231 1521 fide
255 1461 364 1534 nuncii,
380 1480 465 1539 quem
481 1470 590 1518 temere
604 1477 704 1518 verum
719 1458 814 1536 putari
836 1459 941 1517 chorus
955 1460 1084 1520 seretur:
1099 1481 1170 1538 quae

34 1562 92 1604 res*
107 1560 167 1601 uon
190 1542 278 1601 modo
301 1542 405 1601 mirum
430 1552 570 1621 quantum
592 1540 704 1599 diversa
727 1552 771 1598 est
789 1541 826 1598 ab
847 1541 889 1607 iis,
916 1560 981 1619 quae
1002 1552 1070 1600 ante
1093 1543 1172 1602 dicta
1259 1540 1264 1547 ’

34 1635 134 1703 erant,
158 1625 209 1683 sed
232 1623 349 1683 omnino
368 1624 409 1683 ita
433 1633 609 1701 comparata,
635 1633 667 1681 ut
687 1620 818 1700 ineptum
839 1621 982 1693 videatur,
1002 1623 1169 1700 hujusmodi

33 1704 243 1786 suspicionem,
268 1724 355 1784 quam
369 1707 405 1764 ab
421 1725 479 1764 uno
493 1705 622 1763 alterove
636 1703 665 1760 in
680 1703 806 1761 medinm
821 1703 915 1762 afferri
930 1702 1064 1776 decebat,
1089 1724 1169 1783 mag-

32 1787 125 1849 nifice
139 1787 304 1867 conjunctis
327 1787 452 1846 universi
476 1786 558 1845 chori
578 1785 697 1843 vocibus
711 1784 868 1843 decantari.

76 1875 108 1932 9.
129 1868 290 1948 Dispositio
307 1870 488 1948 stropharum
504 1867 544 1925 ita
557 1865 671 1925 videtur
681 1865 718 1924 de
740 1865 943 1925 distributione
964 1866 1047 1926 chori
1069 1866 1169 1929 admo·
1185 1918 1187 1925 ,

32 1970 120 2022 nere,
140 1950 164 2009 si
179 1949 248 2028 quid
263 1950 424 2022 contineat,
446 1948 524 2028 quod
543 1947 628 2007 aliam
643 1946 875 2006 distributionem
896 1946 944 2006 alii
958 1949 1168 2027 preferendam

31 2053 99 2094 esse
109 2031 230 2091 indicet.
250 2031 338 2098 Quod
348 2031 372 2090 si
384 2042 464 2091 recte
476 2029 546 2100 dixi,
559 2028 683 2108 epodum
698 2030 728 2086 in
742 2028 864 2087 stasimis
876 2048 934 2087 non
944 2030 999 2088 nisi
1015 2029 1045 2087 in
1059 2031 1128 2103 fine,
1137 2033 1166 2089 in

31 2113 147 2195 paredo
162 2123 259 2172 autern
273 2113 361 2172 etiam
375 2113 471 2173 media
491 2111 623 2181 inveniri,
644 2111 689 2169 uel
710 2110 774 2168 haec
795 2111 958 2170 observatio
979 2111 1109 2190 cogitare
1129 2112 1168 2172 de

32 2213 139 2267 caussa
151 2192 238 2273 hujus
251 2195 293 2254 rei
307 2194 471 2272 indaganda
481 2194 576 2273 jubet.
610 2193 646 2251 In
656 2204 793 2271 promptu
808 2203 852 2251 est
866 2195 977 2265 autem,
989 2193 1165 2271 aptissimam

32 2276 146 2337 debere
166 2275 242 2335 hanc
263 2276 404 2336 rationem
424 2275 524 2346 videri,
554 2285 588 2333 ut
608 2274 730 2334 chorum
750 2274 843 2352 primo
873 2274 903 2332 in
931 2286 1028 2352 partes
1055 2275 1166 2354 aliquas

31 2357 171 2429 divhum,
191 2357 332 2438 strophas,
354 2357 558 2436 antistropbas,
589 2355 725 2434 epodum,
755 2355 860 2414 deinde
889 2368 986 2415 autem
1015 2356 1045 2413 in
1075 2377 1166 2414 unum

32 2450 260 2519 congregatum,
281 2439 351 2499 alias
370 2440 511 2520 strophas,
535 2458 600 2517 quae
619 2457 688 2496 vere
703 2435 804 2515 parodi
819 2457 925 2496 nomen
946 2437 1064 2496 carmini
1086 2457 1165 2497 com·

31 2531 150 2601 parent,
173 2539 278 2579 canere
292 2521 453 2583 credamus.
494 2523 677 2598 Quamquam
697 2518 761 2577 haec
782 2523 951 2599 neutiquam
971 2519 1058 2577 unica
1077 2518 1166 2579 fuisse

31 2602 111 2663 ratio
124 2602 254 2681 putanda
268 2614 322 2673 est,
338 2621 395 2681 qua
408 2600 540 2661 distribui
555 2601 662 2660 chorus
676 2601 813 2680 potuerit.

78 2689 128 2744 10.
150 2682 276 2743 Mirifice
290 2684 453 2744 confirmari
473 2684 587 2743 ¹uidetur
608 2687 777 2762 conjectura
796 2695 895 2743 nostra
915 2703 1100 2742 numerorum
1122 2684 1166 2741 in·

32 2764 126 2825 dicio.
168 2765 244 2824 Nam
257 2766 299 2824 uti
314 2766 418 2844 saepius
431 2784 568 2824 numeros
587 2765 747 2842 modosque
761 2784 878 2844 prorsus
898 2765 1044 2823 immutari
1057 2765 1086 2821 in
1102 2783 1166 2824 car·

31 2847 164 2907 minibus
178 2847 301 2906 choricis
315 2849 455 2918 videmus,
477 2850 561 2925 cujus
581 2845 623 2904 rei
637 2845 776 2904 eximium
797 2847 963 2926 exemplum
984 2857 1029 2905 est
1049 2847 1080 2903 in
1101 2866 1164 2905 car-

30 2928 116 2989 mine
138 2926 248 3006 OEdipi‘
262 2929 361 3007 Regis,
383 2929 461 3007 quod
482 2941 565 2988 esta
587 2949 615 2990 v.
640 2932 727 2989 1186.
747 2928 788 2987 ita
808 2928 895 2988 etiam
916 2929 946 2987 in
969 2928 1080 3008 parodo
1099 2927 1162 2989 fere

30 3019 104 3091 post
125 3009 250 3087 epodum
271 3022 420 3068 mutantur
440 3011 568 3071 numeri:
587 3028 761 3090 quamquam
783 3029 841 3069 non
862 3010 1003 3070 essehoc
1030 3028 1163 3069 necessa-

31 3090 123 3164 rium,
146 3090 257 3149 Orestis
277 3092 403 3169 parodus
423 3093 519 3160 docet,
542 3111 607 3170 quae
627 3102 689 3150 tota
710 3111 748 3150 ex
769 3111 877 3169 genere
902 3090 1056 3169 Glycnneo
1084 3099 1162 3149 com·

28 3172 132 3253 posita
142 3182 194 3230 est.
216 3173 250 3231 ln
261 3172 475 3232 Phoenissarum
486 3184 582 3232 autem
593 3172 712 3251 parodo,
725 3183 755 3230 et
767 3171 899 3250 AEscbyli
911 3172 1063 3230 Persarum
1075 3183 1163 3251 atque
1250 3234 1256 3244 ,

12 3253 265 3333 -Agamemnonis
285 3255 437 3313 manifesta
456 3265 500 3312 est
520 3272 705 3311 numerorum
726 3254 936 3331 modorumque
956 3264 1022 3330 post
1036 3253 1163 3331 epodum

30 3334 189 3397 mutatio·
213 3336 248 3394 ln
258 3335 356 3413 primis
367 3355 435 3394 vero
447 3336 598 3394 Persarum
609 3334 735 3413 parodus
749 3334 786 3393 ad
800 3335 876 3392 hanc
890 3352 1005 3392 omnem
1019 3335 1162 3393 rationem
1206 3376 1213 3381 -

28 3415 242 3477 ¹declarandam
256 3417 365 3475 idonea
373 3417 496 3475 videtur.
537 3415 655 3474 Etenim
679 3415 703 3473 si
726 3427 807 3474 recte
827 3415 985 3485 observavi,
1006 3426 1164 3493 systemata
1266 3460 1271 3469 .

30 3501 57 3575 i}
72 3500 172 3576 ὃμοίυι,
187 3516 252 3574 quae
265 3511 416 3569 vocantur,
432 3499 460 3556 in
475 3497 617 3577 tragoedia
627 3516 685 3555 non
699 3516 762 3556 esse
775 3498 859 3556 solita
872 3497 908 3556 ab
923 3497 1057 3555 universo
1072 3497 1163 3556 choro

29 3577 161 3650 mutari,
175 3577 232 3638 hoc
247 3598 364 3639 carmen
378 3580 484 3639 eximia
497 3591 559 3639 arte
572 3580 613 3637 ita
624 3579 734 3638 facturn
756 3591 809 3649 est,
836 3590 869 3636 ut
882 3597 900 3636 a
913 3578 1002 3636 solius
1015 3579 1164 3657 coryphaei

12 3658 209 3722 -recitatione
233 3661 381 3738 paullatim
405 3661 486 3740 quasi
509 3681 561 3740 per
584 3661 691 3738 gradus
715 3660 753 3719 ad
767 3671 943 3719 concentum
968 3656 1057 3718 totius
1080 3660 1161 3718 chori
1208 3689 1211 3703 ·

31 3750 210 3805 transeatur.
252 3743 328 3800 Nam
343 3762 431 3821 quum
445 3743 616 3821 coryphaeus
629 3742 780 3820 anapaestis
794 3741 831 3800 de
845 3741 1033 3820 expeditione
1056 3741 1163 3801 Xerxis

31 3821 230 3903 exposuisset,
251 3834 348 3901 partes
372 3824 464 3895 chori,
492 3824 545 3882 nisi
572 3843 638 3882 mea
663 3825 908 3900 me-conjectnra
930 3822 1013 3891 fallit,
1034 3823 1163 3882 numeris

31 3903 147 3965 Ionicis
161 3922 278 3962 carmen
292 3905 446 3983 epodicum
467 3915 586 3975 canunt,
607 3904 695 3984 idque
715 3924 751 3964 eo
771 3905 808 3964 ab
829 3904 891 3962 aliis
911 3903 1077 3982 hujusmodi
1099 3922 1161 3962 car-
1225 3966 1231 3977 ,

29 3985 163 4047 minibus
176 3984 330 4055 diversum,
347 3986 425 4065 quod
440 3987 549 4065 epodus
563 3987 676 4046 duobus
689 3986 872 4064 stropharum
892 3985 1011 4063 paribus
1030 3986 1162 4065 subjecta

28 4062 95 4129 noh
108 4065 243 4125 ultimum
257 4067 353 4126 locum
368 4067 497 4128 obtinet:
519 4068 635 4127 additur
648 4069 724 4125 enim
738 4080 804 4145 post
818 4086 881 4125 eam
902 4067 958 4125 alia
972 4067 1073 4126 Ionica
1086 4077 1159 4127 stro-

49 4149 94 4208 ba
113 4166 182 4207 eum
205 4167 257 4206 sua
277 4149 475 4228 antistropha:
498 4161 559 4208 tum
580 4169 649 4208 vero
669 4149 824 4219 trochaicae
844 4149 970 4225 strophae
990 4162 1163 4226 sequuntur,

26 4168 159 4291 butera
171 4229 383 4289 exclamatione
398 4230 599 4309 interpellata,
614 4249 684 4310 quas
698 4231 823 4290 maxime
838 4240 1064 4289 consentaneum
1079 4242 1122 4290 est
1143 4249 1161 4288 a

25 4310 207 4407 μα’-ώσω
220 4312 294 4375 cani.
320 4311 426 4376 Similis
436 4312 628 4402 conformatio
638 4324 683 4374 est
696 4311 807 4402 paradi,
822 4331 887 4395 qua
897 4311 927 4371 in
941 4312 1163 4390 Agamemnone
