2694 4866
184 262 242 325 on
264 247 1048 326 rnnnrcrs-uurnn‘rnrs‘ncnnnnscms
1138 271 1180 327 oo

46 436 141 502 Quod
162 434 200 493 ad
221 448 327 495 caetera
344 435 458 507 attinet,
481 455 539 494 non
554 445 597 494 est
611 436 779 506 absentum,
799 434 944 513 permixta
957 453 1030 505 esse,
1052 453 1117 512 qnae
1131 433 1175 493 di-

45 516 213 579 versissima
225 530 302 576 sunt.
344 517 420 576 Nam
435 517 527 597 primo
540 517 564 575 si
580 537 691 576 caesura
703 518 751 575 illa
764 521 928 598 ἑφθημνμεςὺς
944 535 995 594 per
1009 535 1040 574 se
1060 529 1174 594 specta-

45 614 106 671 tur,
127 599 279 659 fatendum
303 610 357 668 est,
385 599 575 678 posteriorem
597 618 696 657 versus
718 611 829 676 purtem
856 616 978 656 numero
1001 616 1064 656 esse
1090 597 1175 657 valde

42 683 156 760 inepto,
179 681 354 759 minimeque
375 701 441 740 curn
466 680 610 759 prioribus
632 692 827 757 congruente:
851 679 930 757 quod
952 678 1037 736 focile
1058 679 1175 750 sentiet,

46 765 97 842 qni
111 774 265 841 utramque
279 776 391 841 partem
404 762 434 819 iu
448 761 667 840 pronunciando
682 761 751 820 satis
763 763 853 840 longa
865 778 955 839 pansa
968 760 1128 838 disjungatr

132 877 184 961 ξένιον
199 882 281 961 rugat»
294 882 427 957 κουὲομὸνοο
444 878 450 961 Ι
466 884 511 939 νιοιέ
526 879 615 938 πέτου
629 878 725 945 πέλοις.

47 996 128 1058 Nam
141 995 287 1076 posterior
301 1015 377 1074 pars,

147 1112 156 1137 Ι

130 1148 332 1178 ..υ-υ.-

46 1255 89 1314 ita
102 1254 246 1313 dissimilis
260 1265 304 1313 est
318 1254 415 1333 priori,
437 1255 478 1315 ita
492 1256 573 1328 levis,
594 1255 635 1314 ita
647 1274 723 1334 pene
738 1254 858 1326 ludicra,
880 1267 913 1315 ut
934 1274 1050 1314 omnem
1074 1274 1176 1316 nume·

47 1356 147 1395 rorum
158 1337 330 1414 gravitatem
344 1337 458 1415 frangat
472 1349 560 1416 atque
575 1336 715 1396 debiliter.
757 1338 862 1415 Itaque
875 1336 940 1415 quis
961 1356 1030 1410 non,
1053 1337 1102 1396 nbi
1115 1337 1177 1395 lici·

45 1429 109 1478 tum
121 1428 175 1487 est,
198 1417 287 1476 satius
300 1418 424 1496 putabit,
444 1438 559 1478 versum
573 1418 630 1478 hoc
644 1419 740 1498 potius
754 1420 841 1478 modo
856 1417 994 1489 dividere,

128 1535 182 1608 έένιον
196 1542 277 1619 rugiit
294 1535 301 1620 Ι
318 1542 450 1615 νινιοθμὸνον
463 1543 509 1618 aa)
525 1538 614 1598 ονοέτονν
635 1537 732 1609 πέλοις,

47 1652 79 1710 in
93 1671 153 1730 qna
167 1650 305 1712 divisione
318 1663 449 1711 servetur
458 1653 583 1730 grauitas
596 1652 709 1713 numeri
723 1664 754 1711 et
774 1652 1012 1730 magnificentia?
1054 1656 1107 1724 At,
1132 1652 1176 1710 in-

47 1732 123 1812 quit,
146 1752 205 1791 nou
220 1733 327 1812 ubique
339 1744 435 1812 potest
450 1734 498 1792 ite.
541 1734 654 1797 Fateor.
697 1733 773 1792 Tum
786 1753 856 1793 vero
869 1745 920 1793 aut
934 1734 1042 1792 nuliam
1058 1735 1176 1794 omnino

46 1814 251 1875 adhibebimus
264 1815 442 1885 incisionem,
465 1825 498 1873 nt
511 1814 541 1872 iu
554 1815 623 1887 hoc,

129 1929 227 2008 τέμβον
241 1928 266 1991 di
279 1929 410 2013 Cochor‘prm
423 1928 455 1990 οἲν
466 1930 612 2008 οἱξνοένμινον,

48 2057 110 2119 aut,
134 2045 158 2104 si
178 2066 278 2105 seusus
302 2065 440 2105 casuram
464 2051 616 2130 ἑφθομνμιςῆ
637 2046 831 2116 commendat,
853 2047 1038 2107 admittemus
1059 2048 1176 2125 quidem

48 2148 114 2187 eam
129 2126 182 2186 sed
196 2141 365 2206 sequentem
380 2146 479 2186 versus
494 2139 615 2206 partem,
637 2147 695 2206 quo
716 2127 849 2188 debilitas
869 2129 924 2187 ista
945 2127 1068 2202 numeri,
1089 2148 1176 2207 quam

48 2208 252 2282 indicavimus,
274 2209 407 2281 evitetur,
428 2208 470 2267 ita'
483 2207 653 2282 dividemus,
1025 2207 1027 2211 ’

150 2347 158 2370 Ι
245 2345 254 2370 Ι

133 2346 351 2430 ..σι-ο..

131 2491 194 2554 κνένον
207 2493 260 2570 γέ(
274 2486 361 2548 ι’έλνοέν
374 2515 415 2560 ννν,
433 2485 441 2566 Ι
457 2494 488 2556 εἰς
503 2499 561 2571 Τςον
603 2489 632 2547 οέν
646 2486 670 2549 τ’
681 2488 748 2561 ileo.

133 2572 189 2630 ἔπιέ
204 2576 287 2652 east(
301 2569 371 2635 οὗτος
385 2572 435 2641 οές,
453 2568 459 2651 Ι
476 2569 500 2629 ’έν
514 2575 562 2653 Spe
604 2577 646 2636 νοῖς
660 2577 707 2630 οἷοὶ.

53 2684 264 2764 qunefecisse
280 2686 411 2756 Graecos,
432 2685 506 2742 infra
524 2684 793 2743 demonstrabimus.
835 2681 973 2760 Denique
989 2701 1053 2760 qnae
1066 2692 1177 2760 postre-

49 2785 100 2826 ma
112 2768 173 2825 dno
186 2766 438 2844 exemplaposuit,
459 2766 602 2844 inquibus
615 2766 676 2844 ipse
690 2766 784 2823 minns
795 2764 956 2842 jucundam
965 2783 1027 2822 esse
1038 2782 1176 2822 caesuram

51 2848 172 2919 fatetur,
193 2848 258 2926 quis
271 2858 324 2918 est,
347 2847 460 2926 quiite,
481 2860 515 2905 nt
528 2847 590 2926 ipse
607 2848 700 2926 jubet,
723 2847 886 2905 reluctante
904 2847 1057 2905 verborum
1079 2863 1175 2917 sensu,

53 2948 139 3009 quam
153 2929 206 3001 sio,
229 2939 260 2988 ut
273 2928 525 3008 postulatsensns,
546 2928 675 2987 dividere
688 2929 779 3000 malit,

131 3044 199 3105 οἷλλ’
211 3042 235 3103 έν
249 3045 322 3112 τέλος
335 3051 431 3118 moysi,
451 3043 457 3125 Ι
476 3048 507 3105 σὺ
519 3048 627 3121 reperiens
642 3045 717 3126 ννκςέν
722 3076 730 3114 3

68 3138 81 3157 “
132 3126 193 3186 ‘o'rrtr
206 3130 259 3208 γές
273 3123 300 3187 οἶ
314 3131 410 3208 φρονῇς,
428 3125 434 3209 Ι
451 3127 506 3187 vtt’
519 3129 601 3198 νὶγέονν
615 3129 647 3186 σὺ
661 3131 713 3204 νῷν.

55 3241 117 3299 Aut
131 3239 196 3319 quis
210 3239 322 3313 credas,
342 3240 512 3300 histrionem
526 3239 610 3300 aliter
623 3260 710 3318 qnam
723 3252 757 3300 nt
777 3240 928 3300 sententiae
950 3250 1176 3300 consentaneum
1201 3305 1205 3312 ¹

56 3332 125 3394 etat,
146 3322 363 3399 pronunciasse,
384 3342 473 3400 quum
487 3323 667 3395 sinnmerns,
687 3341 746 3380 non
760 3322 904 3380 sententia
917 3323 946 3379 in
957 3320 1176 3400 pronunciando

54 3399 200 3461 bbservari
222 3401 338 3475 debeat,
367 3403 438 3461 nihil
462 3403 611 3482 impediat,
643 3403 713 3482 quin
737 3403 825 3462 etiam
849 3404 878 3461 in
902 3403 1003 3462 mediis
1029 3399 1176 3460 vocabulis

53 3481 218 3542 incidatur?
239 3485 342 3562 Itaque
351 3484 409 3544 hoc
423 3504 515 3564 genus
529 3485 675 3543 incisionis
688 3505 805 3564 prorsus
816 3484 893 3543 idem
908 3496 951 3543 est
966 3502 1032 3541 cum
1041 3501 1085 3549 eo,
1098 3478 1178 3558 quod

57 3564 135 3641 quasi
150 3584 268 3623 caesnrae
281 3566 398 3625 nomine
411 3567 542 3645 insigniri
562 3566 663 3637 voluit,
685 3567 752 3644 qnia
773 3567 804 3622 in
825 3565 903 3623 tertii
925 3562 1007 3642 pedis
1028 3562 1086 3620 fine
1108 3579 1176 3619 cnm

56 3645 173 3704 elisione
186 3646 233 3705 vel
247 3645 276 3703 in
288 3647 348 3725 ipss
360 3667 444 3720 voce,
465 3648 511 3706 vel
525 3647 554 3705 in
565 3647 669 3706 additis
683 3648 721 3721 γ’,
742 3646 774 3720 δ’,
795 3646 835 3721 μ’,
856 3646 889 3712 c’,
912 3645 946 3715 τ’,
967 3641 1069 3701 incisio
1082 3641 1146 3700 fiat:

133 3768 245 3829 sunder,
266 3766 301 3838 μέν
316 3761 432 3839 φ1ι’ένο·9’·
451 3762 457 3845 Ι
476 3763 610 3838 ἓγοέ”τννιον
626 3765 714 3845 Ποέςνν.

132 3848 234 3916 ’γυναιξὶ
243 3847 371 3925 ποοςθένονς
384 3847 407 3905 τ’
424 3844 430 3927 Ι
449 3847 616 3915 ἀπέβλιπτος
629 3845 704 3923 μένον.

56 3957 132 4016 Nam
146 3946 226 4036 quod
240 3958 321 4031 dicit,
342 3958 437 4017 minus
446 3959 607 4039 jucundam
618 3978 681 4018 esse
695 3976 834 4018 caesuram
843 3956 873 4015 in
886 3957 940 4015 illis
953 3954 1092 4028 versibus,

134 4077 200 4135 ἀλλ’
212 4075 237 4135 έν
251 4076 329 4143 τέλος
344 4083 442 4149 στυγεῖ,
463 4079 494 4136 oh
508 4081 616 4154 νομέοονς
631 4076 720 4158 ννκςένς

135 4158 196 4217 έτονν
209 4161 261 4240 ‘yde
276 4156 303 4219 εἷ
316 4165 412 4240 Φςονῇς,
433 4158 488 4217 vih'
498 4162 578 4232 νὶγέσιν
593 4160 624 4247 ob
635 4163 683 4237 νξέν,

53 4292 112 4331 non
127 4282 225 4350 potest
238 4270 424 4350 proiectoad
440 4260 609 4335 incisionem
623 4284 690 4354 pust
704 4276 736 4334 σὺ
749 4272 795 4332 vel
808 4272 862 4333 vo'b'
877 4271 1030 4333 admissam
1037 4281 1179 4356 spectare,
1236 4250 1239 4255 ⁸

55 4353 125 4434 quia
137 4352 182 4412 sic
196 4353 284 4413 etiam
300 4353 347 4413 ille
359 4373 470 4426 versus,
939 4356 941 4360 “
