2694 4866
257 160 326 268 'ns
349 203 649 270 ruarmsrrms
663 203 980 267 aaruauarms.
1004 158 1007 169 ’
1131 209 1192 274 aar

89 376 178 438 bulas
190 376 248 435 hoc
261 386 357 435 metro
369 373 494 455 scripsit,
509 375 659 459 xogsimas
665 388 696 435 et
709 375 851 449 'sesama
865 375 965 435 nescio
975 393 1013 435 an
1023 391 1063 435 ex
1073 373 1189 450 Plauto,

89 459 116 518 ui
129 459 209 527 hunc
223 456 352 516 imitatus
366 468 421 531 est,
444 456 549 535 conjici
569 457 669 536 possit.
710 458 810 537 Atque
832 468 899 517 ante
921 457 1127 537 Epicharmum
1141 456 1192 536 qui

89 559 122 599 oc
135 558 221 600 versu
235 558 303 598 usus
318 549 373 612 est,
386 533 592 616 'Aristoxenus
609 537 799 608 Selinuntius,
819 539 1008 616 posteriorem
1021 549 1134 619 partem
1154 557 1193 600 ex

89 621 134 680 >lis
147 620 284 701 spondeis
302 621 481 700 composuit,
496 631 529 679 ut
542 621 572 678 in
586 620 644 679 hoc
658 619 736 698 apud
751 619 990 700 Hephaestionem
1005 620 1152 700 exemplo,

145 757 182 822 τίς
196 755 337 834 citocotiam
351 755 474 816 ννλνίπννν
489 754 598 838 mpiger
611 758 658 815 ιὸν
671 754 824 837 sia-igiter,
846 759 886 815 roi
898 753 1010 833 μα’νπις.

89 889 116 929 ιο
140 888 239 929 versus
271 869 461 949 spondiacum
484 869 597 929 exitum
620 870 762 931 habentes
785 889 804 929 a
827 868 1003 949 quibasdam
1027 868 1192 930 Laconicas
1274 910 1277 916 ι
1305 873 1307 877 ‘

89 950 163 1012 ocari
177 951 266 1010 tradit
281 951 466 1031 Hephaestio,
480 951 538 1010 hoc
551 952 610 1012 usis
623 951 769 1030 exemplo,

144 1065 227 1140 αἴγει’,
242 1064 263 1125 d
276 1066 403 1148 Σπιίςτνις
416 1065 513 1128 issaram
527 1077 621 1149 ιιιῢςιι,
635 1073 695 1128 ml
709 1066 850 1150 slvlspua
864 1069 968 1128 κίνησιν.

104 1182 134 1244 7.
156 1179 208 1239 Ad
227 1177 390 1259 prosodiam
402 1179 484 1258 qood
504 1180 620 1254 attinet,
640 1180 864 1260 productionem
877 1180 973 1240 brexia
992 1181 1111 1260 syllabae
1123 1191 1192 1242 ante

89 1273 177 1320 rutam
191 1279 259 1321 cum
282 1260 392 1339 liquida
405 1280 464 1319 non
484 1262 539 1319 nisi
553 1281 642 1340 quum
667 1263 756 1322 verba
770 1281 809 1320 ex
829 1262 930 1340 epicis,
949 1261 1058 1342 lyricis,
1072 1262 1190 1342 tragicis

89 1342 190 1401 rationi
211 1342 393 1414 intexuntur,
408 1343 550 1420 usurpari,
573 1342 720 1403 Porsonus
733 1342 883 1402 adnotavit
903 1364 931 1423 p.
945 1348 995 1405 56.
1036 1344 1191 1404 Interdum

89 1425 151 1482 :iam
166 1422 254 1499 longa
274 1421 381 1481 vocalis
405 1423 451 1482 vel
473 1423 671 1503 diphthongus
691 1434 760 1483 ante
779 1424 910 1483 vocalem
932 1424 1097 1506 corripitur,
1123 1443 1189 1507 qnae

89 1506 167 1566 itata
179 1504 209 1562 in
222 1502 374 1582 dactylicis
387 1505 515 1565 numeris
530 1504 604 1566 ratio
619 1516 683 1566 est:
702 1515 736 1565 ut
748 1505 779 1564 in
793 1505 881 1565 Pluto
896 1509 965 1566 528.

142 1617 197 1682 ὥτ’
212 1621 233 1679 ἐν
247 1616 359 1680 δάπισιν·
371 1621 408 1686 τίς
423 1623 476 1702 peip
491 1623 596 1694 ὑφαίνιιν
609 1624 729 1696 lisbius,
743 1623 849 1706 χςιιίιν
863 1620 939 1688 issa.

139 1699 159 1770 ii
172 1698 310 1782 regitino,
325 1699 342 1770 ii
355 1699 462 1779 nimii
475 1703 568 1784 redgge.

139 1787 187 1842 ui
202 1790 239 1842 ιῒιν
253 1783 291 1842 ἰ’τι
305 1785 439 1846 Κλιιιθννῐῐ
452 1780 524 1854 astes,
539 1785 609 1864 ἱςᾷς.

140 1861 224 1925 etism
237 1861 292 1945 *peip
305 1888 343 1923 τοι
354 1861 429 1940 pltea
444 1869 490 1936 tis-i
504 1866 570 1923 dm'.

89 1977 216 2125 rte6rplpm
229 1975 375 2039 desideres
388 1976 419 2036 in
431 1975 488 2036 hac
501 1997 534 2038 re
556 1977 741 2058 elegantiam,
755 1989 789 2040 ut
802 1979 833 2043 in
848 1979 929 2041 Nub.
942 1979 1012 2046 977.
1025 1989 1057 2041 et
1068 1978 1100 2040 io
1113 1979 1187 2057 iles·

89 2081 105 2121 ,
183 2101 191 2119 ι
522 2078 523 2081 ,

138 2174 267 2251 ibelim
280 2173 302 2235 δ’
316 2175 348 2237 ris
361 2177 514 2252 ιιῦμφιιλιῢ
528 2172 612 2252 odiatis
682 2245 683 2251 ¹

142 2260 165 2318 νὶ
179 2255 205 2318 >t
218 2255 361 2336 ξὺμμιιχιι,
376 2256 410 2324 ὦς
422 2255 553 2333 dedemus.

89 2391 97 2433 ι
112 2373 171 2445 Av.
186 2376 257 2433 611.

138 2489 237 2561 βιβιιί·
249 2485 281 2555 ais
295 2491 385 2549 πιλλῧ
400 2487 525 2572 aperierat
538 2487 607 2553 aista
620 2498 666 2554 soi
681 2496 740 2560 Aris
754 2492 809 2571 ἧμῒν
823 2484 972 2565 meratius,
992 2463 993 2469 =

89 2619 128 2682 m.
148 2619 226 2680 Ven.
238 2625 325 2691 ιίβιῒε
346 2640 405 2701 quo
419 2633 538 2702 recepto
552 2622 725 2683 servandum
739 2634 785 2683 est
798 2625 842 2697 ἐς,
857 2622 931 2682 crasi
944 2622 1032 2682 facta.

101 2707 131 2765 8.
151 2699 310 2761 Videamus
333 2722 413 2762 nunc
438 2703 569 2765 Latinos.
618 2704 709 2784 Apud
731 2704 785 2763 hoe
806 2700 922 2783 quoqrie
945 2703 1008 2762 sola
1031 2702 1185 2779 comoedia,

89 2792 203 2844 santum
216 2802 256 2843 ex
267 2784 437 2862 fragmentis
450 2784 548 2863 colligi
563 2795 671 2865 potest,
692 2795 863 2846 tetrametro
877 2783 1049 2844 catalectico
1063 2803 1116 2844 usa
1128 2796 1184 2860 est,

89 2865 185 2925 ultum
199 2865 254 2926 sibi
266 2864 393 2925 licentiae
406 2865 569 2946 indulgens,
583 2878 617 2927 ut
635 2885 692 2927 nec
716 2885 855 2928 caesuram
875 2865 985 2946 ubique
1004 2867 1185 2940 observaret,

89 2965 158 3026 sque
171 2966 189 3006 a
202 2946 463 3026 proceleusmatico
470 2949 639 3020 abstineret,
652 2947 797 3028 spondeos
811 2959 912 3008 autem
924 2948 954 3006 in
963 2946 1022 3008 fine
1029 2947 1187 3028 saepissime

89 3027 288 3106 :frequentius
300 3028 452 3108 anapaestis
466 3029 644 3102 admitteret,
658 3030 750 3109 ipsam
766 3029 893 3109 denique
906 3029 1037 3089 ultimam
1051 3030 1137 3103 arsin,
1152 3041 1187 3090 ut

89 3108 167 3169 taliis
180 3126 297 3188 quoque
311 3110 451 3183 versibus,
466 3110 538 3171 solvi
551 3119 710 3191 pateretur.
751 3111 907 3181 Praeterea,
917 3122 951 3169 ut
963 3110 1035 3175 alios
1046 3120 1188 3170 tetrame-

89 3208 131 3261 os,
144 3190 185 3260 ita
198 3190 277 3249 hunc
291 3210 407 3271 quoque
422 3191 543 3251 Plautus
563 3202 761 3272 asynartetum
775 3211 839 3252 esse
852 3190 956 3252 voluit=
979 3190 1102 3251 undeet
1120 3190 1184 3251 hia-

89 3287 122 3328 un
143 3270 174 3328 in
188 3289 299 3330 caesura
311 3271 367 3331 sibi
380 3272 532 3351 permittit,
547 3283 577 3332 et
598 3271 822 3350 productionem
841 3270 960 3350 syllabae
983 3272 1088 3343 brevis.
1129 3271 1185 3332 Est

89 3351 220 3412 uenhic
243 3370 334 3430 quum
347 3351 414 3413 alibi
427 3353 484 3412 hoc
507 3372 593 3414 versu
608 3373 686 3425 usus,
709 3364 772 3413 tum
794 3351 1022 3411 luculentissimo
1046 3352 1184 3431 exemplo

89 3431 199 3492 rbiilite
213 3432 266 3491 lV.
283 3439 312 3504 2,
327 3435 376 3494 20.
389 3452 471 3512 seqq.
486 3453 573 3513 quem
587 3434 685 3494 locum
699 3433 768 3493 olim
780 3432 875 3493 Reizii
888 3433 1182 3494 auctoritateadduc-
1249 3480 1254 3490 .

89 3525 247 3575 umetrum
260 3514 368 3574 habere
382 3516 519 3594 putabam
539 3523 737 3595 asynartetum
752 3533 791 3574 ex
807 3513 931 3574 dimetro
952 3511 1102 3573 trochaico
1115 3512 1182 3574 sca·

89 3591 167 3656 lacto
179 3606 212 3656 et
230 3595 354 3656 iambico
369 3595 493 3657 dimetro
514 3595 698 3669 catalectico,
718 3614 797 3655 nunc
811 3606 910 3656 autem
923 3612 1091 3675 persuasum
1111 3595 1183 3653 mihi

89 3677 279 3758 &anapestis
293 3697 359 3737 eum
373 3678 514 3755 scriptum
528 3696 601 3741 esse.
642 3677 720 3737 Nam
733 3676 828 3736 sicubi
841 3679 935 3755 maj0r
948 3675 978 3734 in
992 3674 1183 3755 corripiendis

89 3758 298 3819 antrubendisve
332 3758 448 3837 syllabis
475 3757 594 3820 licentia
621 3758 811 3838 conspicitur,
838 3757 1003 3819 meminisse
1029 3757 1180 3830 debemus,

89 3826 195 3903 dmum
215 3839 246 3898 in
259 3840 317 3899 hoc
330 3839 415 3900 metri
435 3859 544 3919 genere
557 3841 677 3900 omnino
690 3843 830 3921 majorem
849 3839 904 3900 sibi
924 3839 1088 3899 libertatem
1101 3835 1180 3898 ‘con-

89 3919 187 3983 ¹baisse.
228 3920 338 3981 Versus
352 3921 382 3980 hi
395 3932 482 3983 eunte

89 3994 102 4102 i
125 4053 181 4111 ΡΑ.
193 4035 258 4120 erit,
270 4020 358 4114 eflibi
369 4065 522 4126 exoptatum
534 4054 669 4127 6btingett
687 4037 786 4112 bonum
797 4054 866 4111 habe
873 4051 998 4119 inimum,
1009 4069 1044 4107 ne
1051 4050 1172 4120 formidat

125 4123 206 4180 homo
218 4125 387 4250 quidampest,
398 4126 444 4199 qui
454 4126 513 4195 scit,
523 4127 595 4200 qudd
606 4127 711 4200 queris,
726 4156 744 4168 -
756 4127 854 4184 ubisit.
889 4125 1026 4201 Mewquem
1038 4156 1054 4168 -
1071 4142 1121 4198 epo
1137 4123 1181 4183 hic

89 4320 95 4345 ·.
125 4266 180 4326 ΡΛ.
198 4197 420 4327 soiiddiuorum
432 4269 601 4331 consiliomm
620 4279 649 4326 et
658 4269 813 4344 participem
826 4264 1002 4328 musiliirium
1019 4318 1023 4320 ,
1062 4245 1064 4253 ’
1108 4265 1110 4271 ’

578 4355 767 4443 ιιι,
