2694 4866
348 297 352 303 .
385 206 875 314 nacnur1c1ssouur1s.
920 279 922 285 -
1127 200 1221 318 soa

140 412 225 488 aas,
238 410 337 504 „baar
352 418 372 481 a
386 421 498 499 tarsis
510 423 569 501 aa,

142 506 247 582 stulttia
256 501 387 581 τλίμοιις·
399 501 466 563 ἄλλ’
478 502 524 574 ier,
539 502 647 577 tricast,

180 589 236 645 rsit
249 582 396 650 riliarror
408 583 510 666 χοίςυ.
845 580 903 661 μ’.

139 665 200 748 πςᾶς
214 665 239 724 r'
251 665 265 726 ‘o'
277 692 302 725 rt
316 692 353 725 rot
374 665 447 738 φίλων
461 667 487 724 ie
501 663 577 737 subtr,
589 663 710 743 ἔντιμ’,

139 745 157 814 i
170 745 258 816 aaron
274 746 289 816 tl
302 746 386 823 λέκος,
400 744 417 816 l
428 744 510 829 rcet'oss
520 744 538 816 tl
550 745 614 814 9¹3⁶·
672 790 675 795 ,

139 829 168 887 cti
180 831 232 909 quiq
243 825 304 894 lim
318 825 349 888 alr
363 822 448 911 adigit
460 832 549 910 βςοτὶν
562 826 637 890 tdrtt'
649 825 691 903 s’ia,

142 906 500 983 irrssrit,u’9siro's'yot,
540 943 545 953 ·
609 967 615 976 ,

179 990 320 1064 incoquit
334 988 466 1051 ditesco.

58 1117 121 1178 Hic
134 1119 260 1199 strophae
273 1121 309 1193 α’,
323 1121 359 1193 ae',
373 1140 438 1200 quae
451 1141 490 1182 ex
504 1120 658 1203 Glycoueo
673 1138 796 1201 numero
805 1119 836 1181 iu
845 1121 1051 1203 anapaesdcum
1063 1119 1182 1195 abeunt,

57 1201 145 1280 plane
158 1201 212 1262 sibi
226 1202 412 1281 respondent.
453 1203 570 1262 Harum
589 1201 743 1282 utramque
763 1203 903 1285 excipere
921 1205 1046 1273 debebat
1065 1205 1185 1285 stropha
1218 1215 1222 1228 ¹

58 1293 149 1361 atque
162 1283 341 1363 antistropha
361 1284 398 1358 β’,
412 1284 449 1357 β’,
465 1304 530 1363 quae
543 1294 613 1344 totae
632 1304 671 1344 ex
684 1286 837 1365 anapestis
850 1295 935 1346 sunt:
956 1287 1009 1346 sed
1025 1285 1143 1368 stropha
1155 1283 1185 1356 β’
1263 1316 1266 1327 ·

58 1363 174 1442 integra
186 1364 280 1444 posita
293 1376 337 1434 ett
349 1376 415 1444 post
429 1367 577 1445 stropham
589 1366 626 1440 ι’,
639 1365 828 1445 snthnophae
840 1365 869 1438 β’
880 1377 978 1426 autem
996 1385 1049 1427 sex
1069 1377 1185 1428 tantum

60 1464 159 1506 versus
172 1455 238 1525 post
250 1446 459 1526 antistropham
472 1447 499 1507 ι’
511 1446 666 1509 collocati:
685 1446 790 1527 reliqui
800 1457 938 1527 quattuor
951 1458 1112 1528 sequuntur
1132 1448 1186 1508 de·

59 1544 140 1585 mum
152 1527 300 1607 stropham
313 1527 351 1602 γ’,
365 1530 448 1606 cujus
461 1528 641 1608 antistropha
653 1529 683 1598 in
696 1529 820 1609 septimo
834 1547 919 1590 versu
932 1529 1135 1607 interjectione
1154 1531 1186 1591 lei

57 1634 103 1685 μοι
116 1634 170 1686 μοι,
185 1621 215 1668 et
235 1620 301 1688 post
315 1628 381 1669 eum
395 1629 509 1670 versum
523 1610 615 1670 tribus
629 1609 692 1670 aliis
704 1610 843 1682 versibus,
857 1611 963 1690 quibus
977 1609 1049 1671 nihil
1062 1630 1186 1690 usquam

58 1689 226 1768 respondet,
240 1690 450 1770 interpellatur.
490 1690 555 1759 Nisi
575 1691 639 1770 quis
662 1691 692 1749 in
714 1690 904 1770 antistropha,
927 1710 993 1769 quoe
1006 1691 1051 1753 his
1064 1711 1185 1771 respon-

58 1769 165 1843 derint,
180 1771 323 1832 excidisse
341 1774 466 1851 putabit:
493 1772 572 1850 quod
585 1771 648 1843 aliis
661 1770 864 1843 deficientibus
878 1771 1001 1843 iudiciis,
1023 1783 1186 1837 metrorum

59 1871 170 1922 caussa,
186 1853 236 1911 ubi
249 1854 338 1913 semel
352 1855 522 1931 perturbata
536 1863 580 1912 est
599 1852 818 1932 responsionum
838 1850 997 1930 equalitas,
1010 1871 1071 1912 non
1091 1855 1185 1914 ausim

56 1934 166 1993 facere.
201 1935 346 1995 Ceterum
360 1934 420 1993 duo
432 1934 517 2015 primi
530 1933 714 2013 stropharum
721 1933 759 2008 γ’,
770 1933 798 2008 γ’
809 1951 908 1995 versus
927 1952 988 1993 uon
1006 1935 1184 2015 anapaestici,

57 2015 112 2074 sed
133 2015 320 2076 choriambici
339 2026 418 2076 sunt.
458 2017 529 2075 Post
549 2015 759 2095 antistropham
780 2015 809 2091 γ’,
828 2025 896 2074 suut
914 2016 1184 2096 paromoeostropha
1252 2044 1261 2052 ·

59 2108 163 2170 ΔΙΔΙ,
178 2098 292 2168 sedita,
309 2092 341 2157 u't
355 2097 431 2157 inter
445 2097 616 2177 strophaea
638 2108 669 2158 et
684 2110 707 2170 1,
729 2115 851 2176 quarum
874 2095 1061 2175 antistropha
1083 2097 1184 2158 statim

59 2197 123 2238 sese
134 2178 294 2258 excipiunt,
306 2178 410 2247 mediae
420 2179 477 2238 sint
490 2179 592 2238 breves
605 2179 742 2258 strophae,
756 2177 783 2250 ι’,
797 2179 825 2250 ι’,
839 2177 873 2251 r',
888 2176 924 2250 ς’,
935 2177 976 2257 ζ,
986 2171 1032 2272 ζ’,Δ
1042 2178 1072 2247 s',
1093 2179 1125 2252 η’,
1145 2179 1184 2253 θ’,
1234 2226 1237 2235 .

58 2260 86 2318 9!
96 2282 104 2320 z
124 2279 245 2339 quarum
259 2261 369 2340 priores
382 2260 478 2340 potius
492 2278 589 2320 versus
602 2258 767 2327 antithetici
778 2271 856 2330 sunt,
871 2258 971 2340 quales
984 2279 1015 2321 m
1032 2259 1197 2337 hujusmo.‘

58 2340 90 2400 di
105 2342 278 2401 carminibus
291 2360 368 2422 saepe
381 2342 576 2401 inveniuntur.
616 2341 707 2402 Unde
719 2340 741 2401 ai
751 2343 799 2419 μοί
813 2368 858 2420 pur
878 2360 931 2431 pro
955 2340 977 2401 si
992 2368 1050 2419 μοι,
1075 2352 1105 2399 et
1128 2361 1183 2421 pro

57 2422 212 2505 σπέςμιιτος,
225 2428 293 2498 krist,
307 2423 492 2484 scribendum
506 2422 604 2503 putavi
618 2424 772 2506 σπὶςματος,
786 2420 807 2485 ὅ
819 2425 875 2498 {iu-
908 2423 944 2482 In
954 2422 1134 2504 antistropha
1143 2423 1183 2498 γ’,

55 2514 88 2562 et
102 2505 131 2561 in
145 2505 269 2583 strophis
283 2517 318 2576 Δ,
333 2519 368 2576 Δ,
384 2524 451 2585 quae
463 2505 518 2565 sibi
531 2523 590 2563 non
599 2505 793 2584 respondent,
805 2503 836 2562 in
852 2502 990 2582 strophis
1002 2515 1023 2572 1,
1040 2515 1054 2563 1
1071 2515 1183 2578 autem,

57 2604 125 2663 quae
139 2585 325 2664 respondent,
338 2586 464 2646 diductis
477 2586 581 2647 litteris
595 2583 730 2655 indicavi.
772 2584 849 2655 Nam
863 2584 1050 2664 antistropha
1066 2597 1079 2645 1
1092 2585 1185 2645 inser·

57 2676 89 2725 ta
103 2677 147 2726 est
160 2668 308 2746 responsio
322 2687 421 2728 versus
439 2687 477 2727 ex
496 2668 663 2727 choriambo
682 2677 713 2727 et
733 2665 852 2729 Cretico
873 2665 1034 2748 compositi,
1075 2668 1183 2727 Ambae

56 2761 155 2808 autem
169 2750 295 2828 stropbae
308 2761 332 2821 1,
347 2761 369 2819 1,
386 2769 450 2829 qum
464 2734 609 2828 dactylico
622 2761 717 2815 metro
729 2742 808 2819 sunt,
822 2747 875 2808 sed
888 2747 967 2826 prior
979 2747 1009 2804 iu
1029 2749 1184 2827 anapesti.

59 2848 111 2888 cos
124 2830 240 2889 ordines
254 2831 415 2902 discedens,
430 2831 541 2889 exitum
554 2831 664 2891 habeut
685 2829 841 2900 eumdem:
858 2829 1048 2907 quamobrem
1063 2829 1092 2886 in
1105 2841 1182 2890 stro·

56 2911 115 2990 pha
137 2914 155 2971 ἐν
177 2914 248 2972 siau
271 2931 324 2991 pro
348 2914 418 2974 siau
442 2910 627 2971 scribendum
648 2911 810 2970 videbatur.
850 2909 886 2969 In
901 2909 1080 2989 antistropha
1099 2909 1181 2970 vide·

58 2993 117 3051 rint
129 2993 188 3065 alii,
203 3011 239 3051 an
254 3005 334 3052 recte
348 2992 522 3059 restituerim
535 2992 608 3055 οὔτιν’
621 2993 662 3062 air,
678 3011 737 3074 quo
749 3009 850 3063 versus
867 2990 982 3072 integer
1002 3003 1086 3053 esset.
1126 2994 1184 3055 Est

56 3074 146 3152 igitur
159 3074 293 3135 carminis
306 3075 392 3154 hujus
406 3073 561 3155 descriptio
576 3074 660 3136 talis:

95 3270 230 3342 ..aaa
242 3271 328 3347 aar.
345 3271 397 3356 (a)
414 3273 451 3347 ,a
465 3282 499 3332 a
513 3270 540 3333 r.
553 3271 581 3333 c.
595 3271 630 3337 a
643 3271 724 3352 sac.
764 3271 817 3341 ..t
829 3270 863 3341 s.
873 3271 908 3332 a.
918 3271 955 3332 s'.
965 3283 988 3332 1.
1002 3191 1110 3334 a(‘⁶1‘.'
1125 3191 1180 3273 ‘⁴’

100 3408 147 3467 16.
161 3407 319 3484 Augentur
331 3403 537 3478 dubitationes,
550 3423 609 3484 quo
623 3407 715 3484 major
728 3404 885 3469 similitudo
899 3415 944 3465 est
957 3415 1181 3484 paromoeostro·

56 3485 180 3566 phorum
192 3512 200 3548 ι
219 3505 284 3565 quae
303 3506 393 3567 quum
417 3498 498 3546 tanta
511 3498 565 3560 est,
584 3497 618 3546 ut
630 3485 687 3547 levi
699 3487 860 3547 mutatione
872 3486 922 3559 hic
935 3486 995 3554 illic
1005 3489 1092 3564 justae
1104 3487 1180 3547 anti-

57 3568 185 3647 strophae
198 3568 350 3630 videantur
364 3569 476 3628 restitui
488 3587 584 3648 posse,
597 3588 657 3628 nou
669 3571 841 3638 sarmitum,
855 3568 894 3629 de
914 3568 1117 3636 emendatione
1137 3568 1182 3627 fa-

57 3649 150 3720 cilius,
172 3668 258 3728 quam
277 3651 316 3710 de
329 3649 468 3711 servanda
488 3649 720 3711 dissimilitudine
740 3650 874 3731 cogitari.
913 3648 1025 3711 Verum
1046 3649 1096 3709 ubi
1117 3660 1181 3708 tota

57 3731 192 3790 carminis
212 3731 403 3792 conformatio
416 3732 568 3811 magisad
592 3732 860 3812 paromoeostropha
879 3728 1008 3801 inclinat,
1033 3729 1180 3791 abstinere

57 3813 164 3891 potius,
178 3813 232 3871 nisi
244 3813 338 3887 fallor,
347 3816 383 3874 ab
396 3812 566 3874 revocandis
574 3812 955 3894 antistrophiszdebebimus.
997 3815 1181 3891 Quamquam

55 3913 168 3965 vereor,
183 3905 216 3954 ut
229 3894 293 3960 baec
306 3914 353 3954 res
362 3914 499 3974 umquam
509 3897 544 3955 in
552 3889 674 3975 singulis
685 3895 758 3956 locis
770 3894 810 3957 ad
821 3894 963 3975 liquidam
975 3893 1097 3974 perduci
1107 3913 1180 3970 que·
1213 3968 1216 3973 ἱ

55 3986 97 4036 at.
139 3975 209 4034 Duo
221 3995 352 4055 promam
369 3977 490 4036 illustria
502 3977 588 4057 hujus
601 3976 872 4057 generiscxempla.
913 3974 1031 4035 Horum
1044 3975 1181 4033 nnumin

56 4056 215 4116 Phoenissis
228 4066 284 4130 est,
298 4078 326 4118 v.
343 4062 429 4118 1493.
444 4078 523 4138 seqq.
537 4059 575 4118 de
589 4079 648 4137 quo
661 4078 720 4118 non
733 4059 874 4120 assentior
888 4057 1029 4129 Seidlero,
1043 4055 1181 4126 antistro-

55 4137 143 4216 phioa
160 4139 324 4198 restituenti
347 4139 378 4197 in
391 4139 464 4198 libro
478 4142 515 4198 de
528 4140 657 4200 versibus
671 4139 848 4216 dochmiaois
857 4160 888 4222 p.
901 4142 972 4201 335.
983 4157 1064 4219 seqq.
1107 4138 1178 4198 Car·
1287 4171 1290 4176 -

54 4239 121 4278 men
135 4220 207 4279 iliud
220 4219 278 4281 boc
291 4221 379 4282 modo
392 4221 578 4283 scribendum
590 4221 714 4286 videtur.

556 4353 612 4429 38
