2694 4866
172 294 232 358 DE
252 294 436 359 IAMBICO
459 294 756 361 TETRAMETRO
778 296 1092 366 CATALECTICO.
1152 308 1192 367 99
1310 274 1312 279 ¹

76 455 101 518 td
118 463 190 525 Hec.
205 467 246 527 11.
260 470 290 539 2,
315 470 362 529 12.
376 467 412 526 V.
429 469 458 540 2,
476 444 523 529 14.
537 467 617 546 quod
630 478 745 529 vetares
759 464 940 531 correctores
959 490 1037 552 saepe
1052 473 1123 535 vitia
1138 474 1183 532 in-

75 544 186 610 tulerint.
226 549 262 607 ln
277 549 374 626 priore
388 546 455 608 loco
466 547 532 608 baec
546 549 729 612 verbasunt:

126 673 170 721 aut
181 662 215 719 ea
225 663 373 720 refellendo
386 665 433 736 aar
447 666 583 737 purgando
594 666 670 722 vobis
681 667 850 738 corrigemus.

75 746 144 835 Quod
155 769 391 832 absurdissimum
405 771 477 831 dicit
491 773 643 832 Bentleius
650 775 804 855 purgando
815 774 936 855 primam
947 776 1106 857 corripere,
1121 790 1184 839 tum
1208 832 1211 838 .
1263 746 1267 752 ἱ

75 853 250 924 temmforet,
264 853 290 912 si
304 853 384 933 prior
397 872 464 932 pars
478 872 578 913 versus
588 854 658 914 *talis
668 866 757 918 esset:

102 1019 105 1025 .
124 987 196 1027 aune
208 967 352 1025 darefellis
363 969 412 1024 alt
423 986 530 1042 purgas3
582 1032 585 1037 ,

75 1086 133 1134 rate
153 1085 263 1146 autem,
287 1092 411 1133 numero
434 1072 550 1151 longius
574 1073 764 1152 procedente,
796 1094 980 1157 nequaquam
1004 1092 1105 1139 vernrn
1130 1093 1184 1142 est.

74 1153 194 1236 lliqmm
208 1154 397 1214 offensionem
411 1153 501 1214 babet
514 1154 589 1214 alter
601 1155 698 1217 locum

82 1286 88 1305 ¹
121 1272 228 1329 missam
239 1271 305 1326 iram
317 1269 413 1327 faciet:
431 1271 473 1326 sin
485 1281 575 1326 autem
587 1281 629 1329 est
640 1273 675 1326 ob
687 1272 745 1327 edm
755 1290 811 1329 rem
823 1272 907 1330 iratus
918 1273 1023 1346 gnatus.

74 1372 152 1441 laum
161 1393 224 1434 uou
237 1373 353 1455 placeat
364 1373 444 1444 deni,
464 1373 544 1452 qu'od
559 1373 709 1435 Bentleius
723 1376 831 1455 posuit,
851 1377 1008 1437 videndum
1023 1391 1109 1456 puto,
1134 1399 1182 1451 ne,

74 1456 227 1537 tromeda
249 1455 314 1528 luc,
341 1457 436 1516 secede
459 1454 513 1514 luo
534 1468 654 1536 propter
674 1455 824 1519 elisionem
838 1477 892 1538 pro
907 1459 1029 1520 Cretico
1042 1473 1120 1532 sunt,
1142 1462 1184 1522 ita

74 1534 131 1597 lem
142 1537 195 1597 fiat
208 1538 239 1596 in
251 1536 356 1606 verbis,
377 1538 423 1594 sin
436 1544 529 1595 autem
543 1547 594 1597 est.
636 1537 706 1599 Non
719 1538 812 1621 magia
825 1540 890 1601 haec
904 1541 934 1600 in
950 1542 1073 1622 Hecyra
1092 1544 1130 1603 V.
1152 1548 1183 1616 3,

74 1619 107 1694 ll,
120 1623 169 1682 36.
182 1618 346 1679 mutatione
360 1600 546 1696 indigebant:
637 1650 642 1663 x

122 1726 305 1793 Pbillrmeuam
317 1752 376 1790 esse
386 1733 563 1818 compressam
576 1734 609 1790 ab
621 1752 664 1802 eo,
682 1745 710 1790 et
720 1730 807 1792 fllium
818 1710 883 1793 inde
894 1737 965 1793 bunc
977 1736 1079 1794 natum.

122 1818 150 1864 et
158 1809 181 1864 si
192 1807 245 1863 hoc
257 1806 406 1862 meretrices
417 1805 477 1862 able
490 1806 595 1861 nolunt.
613 1807 783 1878 nequeenim
801 1821 843 1864 est
856 1808 883 1863 in
896 1826 952 1864 rem
965 1808 1091 1866 nostram.

74 1909 159 1992 leque
168 1911 199 1970 in
213 1909 392 1970 Phormione
405 1901 444 1968 V.
461 1914 491 1982 3,
514 1904 562 1971 11.
682 1941 684 1945 ·

123 2038 153 2085 ut
164 2029 250 2102 possis
260 2045 320 2084 cum
333 2012 392 2083 illas
410 2027 445 2084 ne
457 2038 485 2095 te
494 2027 651 2084 adulescens
661 2027 756 2084 mulier
765 2026 900 2101 defatiget.

73 2131 118 2195 ted
126 2132 156 2194 in
169 2135 294 2229 llecyra
307 2133 344 2192 V.
356 2137 386 2204 2,
401 2136 431 2194 9.
441 2132 521 2213 quod
533 2131 649 2211 legitur,

124 2255 242 2328 oportere
260 2251 332 2325 quod
344 2251 367 2307 si
379 2249 488 2324 perficio
500 2269 555 2306 non
563 2249 686 2326 poenitet
697 2266 741 2306 me
751 2248 830 2305 fame

73 2356 119 2427 ltro
130 2350 260 2419 conenit
274 2355 436 2428 Bentleius,
457 2355 512 2429 etsi
526 2352 653 2417 dubitari
666 2365 774 2435 potest,
789 2373 827 2413 an
840 2363 959 2433 praestet
969 2353 1054 2414 aliter
1064 2355 1180 2434 corrigi.

73 2434 203 2501 llonsunt
216 2437 355 2518 anapaesti
369 2437 465 2511 rediit,
486 2436 567 2509 odiit,
590 2437 748 2497 contractis
762 2435 870 2496 ultimis
891 2436 1010 2516 syllabis
1031 2434 1181 2497 inPlauti

73 2518 138 2582 bria.
158 2521 199 2581 Il.
225 2524 327 2589 als.
352 2518 433 2583 Rud.
456 2517 499 2578 ll.
523 2522 553 2591 2,
578 2523 624 2580 19.
665 2518 794 2579 Vitiosos
815 2530 978 2598 anapaestos
998 2518 1069 2578 tolle
1093 2520 1123 2577 in
1136 2519 1182 2577 bis

73 2596 135 2661 locis.
173 2603 210 2661 In
235 2563 331 2677 Vlauti
356 2603 410 2661 As.
431 2590 489 2686 Ill.
504 2600 532 2672 3,
557 2604 607 2662 96.
628 2597 724 2659 scribe
733 2596 809 2680 jule
828 2619 882 2679 pro
891 2599 966 2680 jude
985 2600 1034 2660 tir.
1086 2600 1182 2660 Codd.

72 2681 139 2778 blaa.
177 2683 214 2742 In
235 2672 302 2744 Mil.
326 2668 382 2745 IV.
403 2686 434 2753 6,
452 2686 510 2743 ·60.
533 2669 583 2745 ubi
606 2680 695 2740 cbdd.
713 2680 806 2741 neseio
830 2690 863 2740 tu
876 2701 920 2740 me
933 2668 1031 2747 eabae
1044 2676 1180 2752 audierit,

72 2776 131 2825 ml
173 2784 182 2827 2
487 2782 489 2787 '

124 2783 253 2939 laeana
264 2843 298 2937 ex
310 2880 363 2936 boc
375 2897 418 2936 me
426 2878 567 2948 audireris,
584 2899 619 2936 an
631 2880 701 2938 non:
719 2899 804 2954 nepos
815 2899 872 2938 som
884 2879 1007 2939 Veneris.
1110 2943 1119 2955 .

72 2980 227 3047 bPoenulo
243 2986 279 3045 V.
292 2991 323 3057 a,
338 2987 387 3050 75.
400 2984 602 3046 scribendum:

122 3106 145 3164 ei
156 3104 324 3179 praedicabo,
341 3101 476 3176 quomodo
484 3120 533 3159 vos
543 3102 615 3158 liuta
625 3102 712 3159 iacitis
723 3102 817 3170 mirica,

119 3176 226 3250 quoque
235 3175 316 3232 modo
328 3174 440 3247 hujusce
451 3173 522 3230 illias
534 3176 604 3246 apud
615 3174 662 3231 v6s
673 3173 777 3230 habetis
790 3172 889 3230 serras.

72 3278 174 3363 Hasna
187 3282 228 3343 ibi
242 3281 280 3342 V.
296 3282 332 3342 C.
349 3292 380 3340 et
393 3281 463 3343 MS.
477 3280 557 3359 Lips.
598 3280 635 3339 In
648 3279 751 3340 eadem
765 3298 854 3340 soem
863 3299 890 3338 v.
908 3283 976 3341 103.
989 3279 1124 3363 exemplo,
1141 3282 1179 3342 ab

72 3364 210 3445 Reprete
222 3382 262 3424 ex
275 3361 461 3443 precedente
475 3380 559 3456 versu
572 3361 715 3433 additum,
734 3361 801 3440 ejici
825 3361 925 3455 debet.
965 3363 1002 3421 In
1021 3362 1100 3422 Rau
1122 3363 1180 3445 lIl.

71 3448 90 3519 l,
109 3450 153 3509 19.
166 3463 267 3505 versus
280 3455 398 3504 nonest
412 3444 576 3504 iambicus·
595 3443 717 3503 Iambici
731 3455 888 3523 septenam
898 3462 917 3502 a
929 3462 956 3502 v.
967 3448 1017 3503 20.
1027 3444 1181 3524 incipiunt.

71 3524 287 3624 lrr'lsruculento
301 3525 326 3585 1.
342 3531 371 3596 2,
393 3528 463 3605 rot.
476 3520 607 3585 vitianm
624 3522 782 3617 lectionem
795 3525 836 3584 ita
849 3521 888 3583 ad
901 3522 1036 3584 codicum
1058 3524 1180 3585 ductum
1258 3535 1264 3549 ·

71 3616 179 3782 Ἣ
190 3733 223 3780 tu
234 3710 330 3796 edepol
342 3728 434 3782 noster
442 3720 484 3778 es:
503 3722 550 3778 sed
561 3721 634 3794 ijam
647 3720 728 3788 nunc,
744 3708 889 3780 D'inarcbe.
900 3718 980 3794 quarn
991 3738 1055 3776 mox
1151 3718 1153 3722 ’

71 3829 110 3890 led
127 3829 281 3890 afferamus
307 3828 419 3908 aliquot
439 3827 496 3888 alia
520 3827 655 3906 exempla
677 3845 814 3886 versuum
837 3845 897 3886 non
918 3824 1177 3887 sollicitandorum.

71 3911 170 3974 ’autu
182 3910 309 3972 in‘aut.
322 3908 364 3970 11.
380 3914 409 3982 a,
432 3912 480 3970 ra.
491 3916 520 3981 a,
536 3915 586 3970 ss.
600 3908 658 3967 111.
674 3913 704 3982 a,
725 3913 774 3970 as.

115 4029 197 4086 tortis
213 4027 370 4100 superciliis,
387 4036 525 4083 connecte
542 4025 639 4093 fronte,
654 4024 863 4081 iraudulentum.

115 4101 165 4158 sad
176 4100 247 4157 doce
258 4117 301 4154 ms
313 4100 348 4155 ad
359 4099 440 4156 illam.
452 4099 497 4153 ubi
509 4096 570 4154 est?
588 4098 597 4150 i
610 4116 673 4157 sane
685 4098 713 4151 in
725 4097 838 4163 Veneris
848 4095 938 4152 fanum
950 4095 1004 4152 huc
1014 4095 1096 4153 iutro.

115 4191 153 4229 ne
163 4171 262 4227 invisat
274 4170 380 4238 babeas,
397 4169 465 4224 neve
477 4168 577 4224 ideirco
589 4169 665 4224 nobie
671 4168 737 4226 vitio
748 4169 845 4226 vonas.

70 4275 143 4421 ipitp
157 4273 295 4384 dpctylus
314 4273 402 4335 etiam
416 4273 447 4334 in
460 4285 564 4353 quarta
577 4274 649 4334 sede
662 4284 744 4335 recte
765 4273 937 4348 collocatur,
958 4285 993 4336 ut
1012 4274 1042 4333 in
1057 4271 1178 4335 Curcul.

92 4402 99 4418 .
139 4400 149 4430 ‚
178 4384 202 4420 r·
993 4374 998 4383 '
