2694 4866
443 548 671 705 LIBER
715 613 747 697 Ι.

185 866 236 917 DE
262 864 423 928 HUMRRO
442 865 493 916 ΕΤ
515 863 696 925 VERSIBUS
718 863 759 919 IN
780 860 1019 923 ‚uurvattsunt

969 1012 987 1030 η’

945 1039 973 1069 Ρ

408 1091 792 1125 m

520 1283 635 1368 CAP.
662 1280 695 1358 Ι.

396 1498 447 1550 DE
472 1492 628 1548 NATURA
652 1493 816 1546 NUMERI·

66 1662 347 1776 ¹·Nuntu1tun1,
369 1722 458 1783 quem
477 1702 576 1763 Graeci
595 1702 687 1785 ῥυὸμὸν
705 1711 823 1772 vocant,
842 1717 1169 1762 onomata-sncces-

67 1793 140 1840 stom
156 1803 340 1848 nnmeonnu
355 1784 508 1857 contineri,
532 1795 667 1864 apertum
681 1793 725 1843 est
739 1794 770 1843 ct
782 1782 819 1841 ab
834 1781 968 1841 omnibus
987 1801 1169 1843 concessum.

66 1854 95 1915 Εἰ
105 1881 181 1940 quum
195 1867 227 1925 in
240 1867 331 1945 spatio
346 1867 518 1945 respondeat
533 1883 741 1934 annuerant,
763 1883 828 1942 quoe
843 1881 1035 1926 srsrrnnnu
1051 1875 1096 1924 est
1109 1882 1168 1925 on·

66 1954 174 2006 ornans
188 1965 427 2019 constamus,
447 1947 524 2008 hanc
539 1947 624 2006 simul
638 1945 824 2006 considerare
838 1963 897 2003 non
911 1944 968 2004 erit
981 1943 1093 2005 inutile.

65 2096 71 2113 ,
95 2026 118 2085 2·
136 2028 294 2109 Utriusque
315 2028 442 2095 notionis
456 2048 523 2108 quae
534 2038 594 2087 tres
615 2039 714 2120 partes
726 2038 804 2096 sunt,
825 2044 864 2084 ex
878 2025 919 2093 iis.
932 2025 1057 2105 primum
1070 2026 1169 2084 locum

63 2116 86 2158 u
99 2124 212 2170 numero
227 2127 409 2182 successro,
430 2109 461 2168 in
476 2119 646 2189 symmetria
665 2123 889 2169 counrnornas
902 2117 994 2166 tenet.
1037 2111 1169 2176 Quarum

10 2190 12 2200 ¹
62 2189 186 2250 smnio
199 2209 356 2259 numerum
369 2189 505 2270 tempori,
520 2188 697 2249 continuitas
710 2187 908 2268 symmetriam
922 2186 1017 2267 spatio
1029 2188 1169 2248 vindicat.

10 2282 14 2303 ¹
90 2270 356 2353 t.secu1tdapars
375 2273 406 2331 in
428 2290 550 2331 numero
572 2288 728 2342 taurona
752 2269 807 2328 sibi
829 2269 1167 2349 succedentiapinsym-

10 2419 14 2426 ,
61 2351 143 2412 arma
162 2353 477 2420 suarna-continuata
498 2351 712 2432 complectitur.
753 2351 831 2410 Nam
852 2351 908 2411 etsi
920 2351 952 2411 in
970 2370 1108 2414 sonorum
1122 2350 1170 2411 vel

10 2432 16 2507 f
61 2440 173 2493 motuum
193 2433 427 2504 successionibus
440 2452 604 2506 numerum,
625 2433 656 2492 in
677 2450 832 2512 corporum
850 2443 949 2497 autam
969 2432 1171 2492 mutinuitati·

10 2510 17 2597 ζ
60 2503 102 2571 ltu
117 2514 409 2594 symmetriamcerni
431 2526 555 2585 constat,
578 2526 675 2575 umen
689 2526 794 2574 natura
806 2532 860 2573 aua
882 2533 979 2592 neque
999 2533 1086 2574 sonos
1106 2533 1169 2573 mo·

10 2608 17 2675 ζ
60 2596 125 2653 tusae
149 2596 187 2655 ad
210 2616 376 2669 numerum,
403 2615 500 2677 neque
520 2597 560 2659 ad
574 2596 780 2675 symmetriam
805 2613 929 2673 corpora
953 2595 1110 2674 pertinere,
1137 2595 1170 2653 in

10 2686 18 2701 '
59 2686 176 2755 promptu
190 2688 247 2739 cst.
288 2678 365 2739 Nam
386 2696 447 2738 non
460 2676 549 2747 ruodo
559 2677 651 2744 ,iidem
671 2675 785 2736 numeri
798 2695 881 2755 aeqne
895 2675 972 2736 sonis
985 2696 1021 2736 ac
1041 2676 1169 2737 motibus

10 2757 20 2835 ζ
60 2756 165 2835 espnmi
176 2769 311 2839 possunt,
324 2758 378 2820 sed
390 2760 490 2830 edam,
510 2757 571 2823 sive
583 2770 680 2819 motus
694 2757 754 2818 sive
766 2760 832 2817 soni
845 2756 900 2817 sibi
912 2758 1083 2829 succedant,
1103 2757 1171 2817 nul·

10 2836 21 2864 ¹
59 2828 106 2895 lua
122 2838 376 2901 animadvertimus
393 2858 557 2912 numerum,
578 2839 634 2899 nisi
653 2838 833 2920 temporibus
846 2849 918 2919 apte
933 2839 1097 2900 distinctis:
1117 2858 1169 2899 ve-

10 2908 20 2945 ³
59 2927 110 2975 un
121 2929 252 3001 tempora
271 2941 362 3002 quum
375 2921 476 2989 notam
483 2933 633 3002 nequeant
645 2921 701 2981 nisi
713 2921 744 2980 in
758 2921 846 2981 rebus
865 2920 920 2980 sibi
933 2921 1170 2993 succedentibus,

11 3010 20 3020 ·
60 3010 129 3059 unos
141 3013 273 3063 motusve
291 3003 423 3064 adhiberi
436 3022 556 3068 necesse
570 3016 633 3079 est,
645 3022 769 3083 quorum
782 3002 813 3060 in
826 3002 1012 3064 successione
1024 3022 1172 3064 mensurae

59 3082 204 3160 temporum
218 3094 308 3164 atque
321 3085 473 3146 intervalla
486 3084 605 3146 auribus
618 3086 665 3151 vel
678 3084 771 3145 oculis
784 3082 997 3147 discernantur.
1038 3084 1168 3146 Eodem-

60 3164 208 3235 quemodo
229 3184 353 3246 corpora
369 3166 530 3251 nonpuod
544 3185 667 3246 corpora
686 3176 765 3237 sunt
786 3164 839 3225 sed
858 3177 980 3246 propter
998 3167 1172 3247 spatiorum,

59 3254 109 3315 qua
119 3244 156 3304 ab
170 3245 205 3305 iis
218 3246 387 3326 implentur,
407 3261 502 3309 certas
515 3247 725 3327 descriptiones
739 3247 936 3328 symmetriam
949 3248 1070 3311 habent.

10 3321 22 3360 ἒ
86 3326 112 3384 a.
130 3326 231 3387 Tertia
243 3348 309 3407 pars
323 3330 396 3389 illud
405 3329 552 3402 ¹continet,
570 3348 629 3408 quo
643 3347 820 3390 nanturra
834 3329 881 3389 vel
894 3330 1042 3392 successio
1055 3334 1170 3412 tempo·
1279 3391 1281 3394 ,

58 3406 171 3499 “illel
185 3409 361 3473 continuitas
381 3411 539 3491 spatiorum
556 3410 689 3473 efficitur.
729 3411 766 3471 Id
779 3422 878 3471 antem
898 3423 1031 3493 apertum
1045 3424 1090 3473 est
1109 3431 1171 3472 non

58 3495 99 3543 aar
110 3506 138 3546 m
153 3507 238 3549 unca
252 3493 376 3571 quadam
390 3494 494 3563 inesse.

87 3571 113 3627 5.
131 3568 178 3629 Ea
188 3571 238 3631 lex
252 3585 421 3657 nonpotest
436 3592 653 3648 snasncnrvn,
673 3593 761 3655 quam
774 3572 939 3653 philosophi
950 3583 1068 3646 vocant,
1089 3591 1178 3639 esses

57 3650 125 3727 cnjus
136 3651 203 3712 fons
216 3653 247 3711 in
258 3654 485 3734 sensuquodam
499 3656 705 3731 concinnitatis
718 3667 749 3716 et
766 3655 978 3715 convenientiae
990 3654 1103 3735 positus
1116 3667 1172 3718 est.

56 3721 120 3789 llam
145 3732 208 3794 aliis
234 3735 292 3795 alia
317 3736 434 3817 placent
461 3749 492 3799 et
519 3750 589 3798 ata
603 3737 748 3810 videntur,
769 3748 857 3816 prout
871 3736 1095 3817 ,veltngentum
1120 3758 1173 3799 cu·

53 3805 153 3893 iusque,
174 3815 222 3875 vel
235 3817 332 3878 cultus
345 3830 377 3879 et
391 3819 517 3881 eruditio
530 3758 597 3880 lert.
638 3820 743 3900 Itaque
755 3818 922 3900 hujusmodi
935 3819 986 3880 lex
999 3818 1109 3880 nullam
1120 3841 1173 3882 ne·

54 3894 206 3956 casitatem
230 3898 382 3980 conderet,
411 3919 447 3961 ac
465 3900 619 3981 potiusne
642 3900 860 3981 essetquidem
882 3901 943 3974 lex,
963 3920 1064 3979 quum,
1085 3922 1173 3982 quem

10 3986 18 4001 '
49 3986 104 4117 'gp
116 3996 271 4040 numerum
281 3980 327 4043 vel
339 3982 539 4063 symmetriam
546 3982 596 4044 olii
611 3982 834 4056 contenderant,
848 3982 898 4043 alii
909 4000 970 4043 non
983 4001 1047 4045 esse
1057 3986 1175 4063 judica·

110 4072 219 4121 ment.

80 4144 108 4204 6.
129 4140 225 4204 Ροπο
237 4143 289 4205 lex
301 4144 432 4215 istanon
445 4157 545 4228 potest
557 4164 771 4213 mensuratas
785 4165 870 4209 esse:
891 4144 984 4224 qualis
997 4157 1085 4220 esset,
1105 4168 1172 4228 quae

50 4217 79 4309 tl
96 4242 153 4299 res,
172 4224 324 4306 inquibus
336 4247 476 4295 numerus
489 4229 536 4290 vel
544 4229 719 4312 symmetria
729 4240 784 4301 est,
798 4238 955 4310 spectaret.
989 4229 1067 4289 Nam
1082 4249 1173 4310 quum

49 4314 213 4370 haumaro
232 4308 418 4391 madent,
438 4321 537 4375 utrum
555 4311 621 4374 soni
641 4332 680 4376 an
699 4323 797 4375 motus
816 4310 872 4374 sibi
891 4309 1064 4386 succedant,
1083 4311 1173 4375 modo
