2694 4866
383 269 441 330 DE
464 269 601 331 VERSU
622 268 849 331 SATURNIO.

145 438 183 494 sic
194 437 277 494 Poeni
289 440 493 496 contremiscunt
503 439 611 497 artubus
623 441 778 496 universim

142 511 230 580 magni
241 521 326 566 metus
336 511 464 565 tumultus
478 511 587 582 pectora
633 513 724 566 saidet=

142 613 439 634 ········
474 582 578 637 caesum
601 583 800 653 uneraagitant,

141 649 278 722 exsequias
288 653 387 718 ititant,
403 652 635 726 temulentiamque
645 655 744 709 tollunt

140 721 243 778 festam.
425 776 428 787 ,

69 806 184 866 Coeaum
198 828 250 886 pro
264 830 396 871 carrorum
409 829 585 890 magnopere
599 831 700 870 vereor
710 829 747 869 ne
757 811 922 888 importuno
930 809 1080 870 vetustatis
1089 811 1189 872 studio

64 888 237 961 debeamus,
248 911 306 969 quo
318 892 462 949 Merulam
473 911 558 968 nemo
568 893 712 970 superavit
722 892 994 969 praeterHenricum
1007 891 1186 962 runchum,

66 969 120 1046 qui
138 969 224 1028 Ennii
239 972 355 1031 Medcae
368 973 504 1051 reliquias
515 973 616 1034 edidit.
657 974 793 1052 Denique
813 972 891 1051 quod
911 973 989 1051 apud
1010 972 1188 1034 Priscianum

66 1048 179 1126 legitur
199 1053 284 1111 VIII.
305 1073 335 1132 p.
351 1060 419 1114 801.
459 1064 479 1095 “
496 1055 612 1112 Naevius
633 1054 661 1111 in
677 1054 735 1114 III.
757 1054 887 1113 Hectore
902 1052 1102 1132 proficiscente
1116 1066 1188 1116 tunc

67 1131 184 1209 “ipsos
205 1132 345 1206 adoriant,
366 1155 403 1193 ne
426 1136 489 1212 quis
512 1136 581 1194 hinc
596 1136 728 1214 Spartam
749 1135 855 1194 referat
868 1135 1038 1206 nuncium,”
1058 1135 1107 1195 ubi
1121 1136 1187 1196 cod.

65 1211 213 1272 Zwicca'v.
238 1233 296 1274 sec.
321 1217 479 1288 adoriatur,
501 1216 530 1273 id
550 1237 609 1275 nou
629 1236 667 1275 ex
690 1216 772 1275 Bello
787 1216 906 1279 Punico.
928 1218 980 1275 sed
993 1236 1031 1275 ex
1045 1218 1188 1296 tragoedia

67 1295 204 1354 Hectore
216 1307 361 1375 sumptum
375 1316 446 1363 esse,
472 1308 552 1356 recte
566 1297 635 1354 mihi
655 1297 769 1356 videtur
780 1297 911 1375 judicare
926 1299 996 1358 Ger.
1006 1299 1055 1359 Jo.
1069 1299 1189 1359 Vossius

66 1373 108 1433 ad
120 1373 225 1452 fragm.
239 1387 313 1455 trag.
326 1398 354 1455 p.
368 1381 418 1441 75.
431 1378 480 1457 qui
495 1378 573 1456 quod
584 1378 747 1438 Priscianus
756 1383 817 1458 ejus
832 1379 900 1438 MS.
909 1379 1025 1450 habeat,
1042 1389 1061 1420 “
1070 1380 1187 1453 Naevius

67 1465 89 1495 ‘⁴
106 1455 137 1513 in
152 1457 284 1517 Hectore
296 1457 513 1536 proficiscente:
537 1462 613 1520 Turn
626 1461 880 1539 ipsos'adorIant,”
900 1460 1084 1520 scribendum
1092 1472 1189 1540 putat:

66 1538 223 1597 “Naevius
246 1539 276 1596 in
299 1541 444 1601 Hectore:
476 1540 678 1601 Proficiseutes
703 1553 766 1601 tum
793 1542 869 1620 ipsos
892 1542 1049 1602 adoriant.'‘
1090 1544 1188 1603 Edam

67 1617 168 1677 codex
181 1621 350 1680 veterrimus
369 1622 587 1682 Zwiccaviensis
610 1623 712 1682 habet:
734 1634 753 1663 “
774 1623 883 1681 Nevius
896 1624 926 1681 in
948 1624 1080 1683 Hectore
1100 1624 1187 1702 profi·

66 1700 190 1759 cisente.
231 1701 316 1761 Tunc
336 1703 412 1781 ipsos
426 1704 585 1764 adoriant.’'
624 1705 685 1764 Sed
698 1723 753 1781 ego
775 1704 891 1782 quidem
905 1705 981 1762 hanc
994 1705 1086 1782 ipsam
1098 1707 1189 1785 scrip·
1231 1767 1235 1779 Ι

65 1792 165 1840 turam
179 1801 275 1840 veram
289 1803 362 1856 esse,
383 1786 589 1862 tragoediaeque
603 1785 642 1842 illi
656 1805 762 1843 nomen
786 1785 873 1844 fuisse
899 1784 1038 1844 Hectoris
1057 1785 1187 1865 proficis-

65 1862 162 2000 centii
173 1874 258 1957 puto.
298 1866 345 1925 Ita
358 1866 527 1927 habebimus
540 1866 646 1946 exigua
666 1865 826 1925 mutatione
845 1866 924 1926 facta
943 1868 1051 1925 bouum
1074 1885 1188 1927 versum

65 1953 133 2002 troc
155 1963 262 2006 arcum:

139 2070 204 2116 tunc
216 2061 287 2133 ipsos
296 2062 425 2129 adoriam,
442 2080 477 2119 ne
485 2063 600 2136 quihine
610 2062 728 2136 Spartam
741 2062 837 2118 referat
845 2062 978 2118 nuncium.

68 2163 141 2225 Non
157 2165 264 2226 citatur
285 2168 401 2247 quidem
426 2169 502 2240 alibi,
524 2169 602 2247 quod
622 2170 720 2239 sciam,
741 2169 805 2227 hacc
834 2167 927 2226 Naevii
955 2166 1106 2245 tragoedia,
1134 2166 1187 2228 sed

63 2258 156 2307 notus
169 2259 214 2307 cst
225 2261 270 2308 ter
283 2262 457 2309 memoratus
472 2251 607 2312 Ciceroni
621 2250 737 2310 Hector
750 2248 916 2323 Naevianus,
936 2245 1046 2323 diceus,

137 2367 216 2422 laetus
225 2384 282 2421 sum
293 2366 394 2422 laudari
406 2384 449 2423 me
459 2370 504 2423 abs
516 2379 554 2434 te,
568 2377 653 2441 pater,
664 2386 680 2422 a
690 2366 798 2423 laudato
809 2367 875 2434 viro,

64 2472 106 2539 Q.
121 2470 211 2529 Tusc.
226 2470 282 2541 IV,
297 2475 345 2530 31.
360 2471 483 2549 Epp.ad
497 2473 565 2535 Div.
578 2473 616 2532 V.
632 2477 678 2531 12.
693 2473 759 2532 XV.
773 2476 803 2532 6.

107 2556 158 2613 81.
180 2550 227 2609 Ex
243 2562 346 2629 quarto
368 2551 452 2622 libro,
473 2553 542 2625 sire,
563 2565 597 2613 ut
617 2552 683 2613 edd.
707 2552 900 2632 antiquiorem
926 2571 965 2611 ex
988 2550 1084 2623 tertio,
1105 2549 1188 2610 affert

64 2630 184 2729 Nonius
197 2632 227 2690 in
240 2653 267 2692 v.
280 2635 421 2715 auspicari
441 2655 469 2712 p.
483 2632 552 2698 168.
566 2636 656 2695 uirum
664 2644 776 2717 proetor
788 2634 926 2707 adveniet,
946 2634 1073 2714 auspr'cot
1092 2632 1187 2713 carpi

62 2713 1188 2879 ttttttttt...Millplt.l;?tl⁶.llttlnl{tillitati

62 2876 261 3018 qriippttppaque
273 2878 371 2954 lectio,
387 2890 407 2920 “
418 2898 517 2938 verum
531 2892 638 2959 praetor
651 2878 754 2940 adveni
768 2889 799 2939 et
812 2878 957 2957 auspica.‘’
993 2874 1185 2965 scribendum

486 3095 575 3131 verum
585 3089 683 3149 praetor

136 3142 263 3201 advenit:
281 3147 397 3218 auspicat
409 3148 553 3218 auspicium

65 3248 158 3328 Apud
171 3249 306 3307 eumdem
328 3249 455 3307 Nonium
476 3251 506 3307 in
520 3270 545 3306 v.
559 3251 727 3309 concinnare
739 3270 768 3328 p.
784 3255 834 3321 90,
849 3255 897 3310 28.
911 3267 950 3307 ex
964 3258 1076 3325 quarto,
1090 3248 1142 3307 sed
1154 3249 1185 3306 in

62 3341 123 3390 ret.
137 3330 204 3388 cod.
219 3330 296 3407 apud
311 3330 456 3389 Merulam
469 3333 507 3390 ad
522 3331 648 3389 Ennium
661 3350 690 3410 p.
704 3335 773 3391 121.
788 3331 861 3389 etin
875 3329 922 3388 ed.
944 3329 1019 3387 Ven.
1035 3334 1121 3390 1196.
1145 3348 1185 3389 cx

66 3412 164 3495 tertio,
179 3409 236 3469 hoc
250 3410 387 3471 affertur:
981 3409 984 3413 ’

135 3529 232 3581 transit
245 3496 364 3582 Melitam
377 3528 513 3583 Romanus
526 3528 666 3593 exercitus,
683 3526 794 3582 insulam
807 3526 934 3597 integram

135 3599 199 3663 urit,
216 3599 368 3669 populatur,
384 3600 478 3665 vastat,
493 3618 548 3655 rem
560 3601 676 3656 hornum
688 3599 837 3654 concinnat.

67 3697 164 3757 Nolim
178 3701 335 3779 quidquam
350 3702 465 3764 mutari:
491 3703 605 3762 videtur
626 3703 727 3761 ultima
746 3701 848 3780 prioris
866 3717 965 3781 versus
989 3697 1097 3776 syllaba
1119 3717 1186 3757 cunr

67 3793 208 3858 sequente
222 3801 305 3841 versu
320 3786 495 3843 coalescere.
536 3784 627 3862 Apud
642 3783 769 3842 Nonium
784 3783 814 3840 iu
828 3802 855 3842 v.
868 3782 977 3840 danunt
987 3799 1016 3858 p.
1027 3783 1077 3850 97,
1091 3783 1137 3839 18.

135 3899 194 3954 erim
207 3917 312 3954 carnem
325 3901 466 3955 victoribus
476 3900 582 3954 danunt.

64 4021 90 4058 v.
104 4000 252 4062 Merulam
266 4025 294 4082 p.
308 4009 377 4067 125.
421 4005 511 4083 Apud
524 4003 658 4063 eumdem
672 4003 702 4061 in
715 4023 742 4061 v.
757 4003 904 4064 umbratim
916 4022 944 4080 p.
962 4004 1029 4073 183,
1045 4004 1092 4061 11.

134 4118 277 4173 vicissatim
286 4119 356 4175 volvi
369 4120 512 4176 victoriam.

64 4240 91 4279 r.
115 4222 263 4283 Merulam
287 4247 317 4305 p.
337 4230 406 4288 126.
448 4226 477 4286 Is
491 4247 521 4305 p.
541 4230 590 4287 45.
605 4246 643 4285 ex
659 4224 815 4305 Calpurnio
830 4223 910 4285 addit
923 4221 1002 4283 allud
1014 4219 1079 4280 libri
1093 4218 1191 4309 quarti

63 4302 276 4383 fragmentum:
