2694 4866
119 268 159 324 80
365 268 370 284 ⁴
529 262 608 322 LIB.
630 263 653 320 1.
676 262 768 323 cAP.
791 262 829 320 X.

120 432 187 490 dam
208 450 247 490 ex
271 430 328 488 hoc
351 446 459 506 genere
479 428 587 489 rariora
601 430 711 492 attulit.
754 430 908 512 Euripides
921 429 952 488 in
967 429 1093 491 Bacchis
1105 450 1133 493 v.
1144 428 1218 498 7211

119 511 226 573 Ionicis
239 530 257 570 a
270 510 383 580 minori,

200 610 313 669 Aio'tum
327 611 432 686 iperium.

46 742 49 751 ·
119 711 235 772 Finiunt
259 710 322 768 haec
343 711 432 769 verba
453 711 676 790 antistropham:
707 711 737 769 in
765 711 884 791 stropha
910 710 1099 771 scribendum
1125 712 1218 772 videtur

119 792 227 871 ὶζψίνι
237 811 290 870 pro
301 791 446 870 ιῦιζομένκ.
488 791 608 851 Fallitur
622 792 652 850 in
665 793 723 851 hoc
738 791 804 850 loco
817 804 848 852 et
861 792 923 850 aliis
937 792 1109 872 quibusdam
1118 789 1219 852 Erfurd·

118 872 176 933 tius
190 871 227 932 ad
242 875 366 951 Ajacem
379 892 407 931 v.
424 877 512 934 1066.
538 874 702 953 Ἀγιμίμιον
716 884 814 932 tamen
826 884 961 953 correpta
973 874 1141 953 penultima,
1160 869 1221 955 quod

119 954 265 1014 Porsonus
287 954 317 1011 in
340 952 466 1012 Advers.
485 973 515 1034 p.
536 959 605 1019 257.
626 953 779 1014 ferendum
793 955 980 1028 existimarat,
1000 959 1141 1036 rejectum
1155 958 1221 1015 abeo

118 1047 163 1095 est
186 1036 215 1093 in
242 1036 303 1114 Sup
324 1034 343 1094 l.
368 1034 449 1114 praef.
474 1036 513 1095 ad
536 1035 614 1096 Hec.
628 1058 657 1116 p.
680 1040 728 1096 22.
768 1037 850 1095 Inter
869 1036 979 1097 rariora
992 1048 1036 1096 cst
1049 1035 1134 1111 impu
1145 1034 1221 1096 medis

116 1117 196 1176 brevi
211 1118 289 1196 apud
303 1056 461 1176 lindarum
474 1117 523 1175 01.
537 1119 578 1177 II.
594 1120 642 1180 74.
660 1119 732 1200 (46)
750 1118 804 1177 etsi
816 1118 887 1192 doro
901 1129 990 1197 atque
1004 1117 1059 1178 alia
1072 1118 1173 1199 saepius
1189 1116 1219 1174 in·

116 1197 281 1258 veniuntur.
323 1200 403 1258 Ante
417 1226 450 1257 n
464 1209 493 1257 et
504 1226 539 1259 π
552 1211 582 1257 et
596 1227 634 1261 m
648 1197 793 1280 correptio
808 1211 858 1259 aut
872 1199 1038 1260 necessitati
1051 1198 1179 1272 debetur,
1197 1205 1221 1255 ut

116 1290 236 1362 propter
249 1298 355 1338 nomen
366 1279 525 1360 proprium,

195 1375 266 1438 ’ἔσται
279 1387 364 1439 ταῦτα
378 1377 526 1461 Σκιίμινὶςι
539 1377 669 1462 discerpit,
689 1380 720 1446 ὣς
735 1381 767 1439 σὺ
780 1378 896 1451 statim,

198 1457 322 1520 thaidat
334 1460 357 1520 τ’
372 1461 498 1543 Εἰςιτςίιν
512 1487 538 1520 rt
552 1460 756 1534 πολυποίφνλᾶν
769 1461 796 1519 θ’
810 1462 944 1532 'Inuictum

114 1566 145 1616 et
159 1557 189 1614 in
201 1560 369 1630 Αἰγυπτίους,
390 1559 436 1616 vel
448 1568 568 1636 propter
580 1557 660 1617 aliud
682 1577 799 1629 nomen,
820 1558 899 1635 quod
919 1555 1020 1616 evitari
1041 1577 1101 1617 non
1123 1565 1215 1636 potest,
1253 1578 1255 1587 ·

114 1638 416 1783 ιὸῑσκὲᾜςνὲἒὲἀγεε.
429 1666 448 1701 ι.
463 1644 532 1704 257.
548 1644 575 1699 l.
589 1644 659 1702 391.
672 1639 924 1718 nutnegligentiae‚
939 1648 972 1697 ut
983 1638 1061 1718 apud
1074 1638 1220 1700 Hesiodum

147 1732 199 1780 .et
246 1763 253 1778 .
330 1764 338 1780 .

195 1819 227 1887 thr
242 1822 347 1902 stagaria
360 1847 386 1881 rt
399 1825 455 1886 rasti
468 1828 514 1882 καὶ
527 1823 641 1893 Βίβλινος
650 1822 718 1890 οἶνος.

114 1916 206 1985 ’soah
220 1918 267 1977 vel
282 1921 368 1986 icini,
382 1921 474 1996 prima
495 1935 629 1999 correpta
651 1919 800 2001 proprium
824 1929 868 1978 est
892 1918 1092 1993 Doriensium‚
1116 1919 1153 1978 dc
1175 1932 1223 1997 quo
1253 1912 1255 1917 ’

115 1997 179 2056 dixi
191 1999 221 2056 in
235 1999 301 2059 diss.
316 2000 353 2060 de
368 2000 493 2061 dialecto
508 2002 625 2060 Pindari
638 2022 668 2080 p.
682 2006 710 2060 8.
743 1999 830 2059 Adde
844 2000 1026 2060 Boeckhium
1040 1999 1078 2060 ad
1092 1999 1175 2059 Pind.
1184 1994 1224 2057 Ol

42 2121 45 2127 -
114 2080 141 2139 Ι.
166 2084 216 2141 99.
257 2082 292 2140 In
316 2082 488 2160 quibusdam
512 2083 627 2163 ejicitur
648 2082 746 2143 littera
765 2093 860 2141 metro
874 2081 1069 2153 incommoda,
1090 2074 1223 2161 nequead
1253 2078 1255 2125 ἱ

114 2161 244 2221 radicem
266 2163 348 2223 verbi
370 2164 528 2245 pertinens,
549 2175 583 2224 ut
604 2164 635 2221 in
657 2164 768 2225 visuro
791 2182 844 2243 pro
865 2163 1003 2240 clapsum,
1024 2161 1062 2220 de
1077 2158 1225 2241 quomultt

114 2242 235 2304 Naekius
246 2245 275 2302 in
291 2246 412 2305 Schedia
427 2246 535 2306 criticis
548 2268 577 2325 p.
594 2250 641 2306 19.
654 2265 734 2324 seqq.
775 2244 810 2302 In
828 2243 969 2317 Leonidae
983 2243 1135 2304 Tarentini
1146 2241 1224 2320 epigr.

114 2329 163 2386 25.
177 2325 208 2382 in
221 2328 307 2386 Anal.
322 2327 451 2387 Brunclr.
467 2327 622 2386 Salmasius
637 2328 745 2394 εὖκιπὲς
756 2324 940 2386 scribendum
951 2326 1083 2405 putabat,
1097 2326 1224 2404 probante
1251 2370 1255 2399 ,

112 2405 267 2476 Dorvillio‚
289 2426 342 2485 pro
356 2409 495 2485 timpanis,
509 2408 546 2463 ¹in
561 2427 629 2486 quo,
651 2419 684 2464 ut
697 2408 728 2464 in
743 2407 875 2486 AEschyli
896 2407 1022 2486 ripariam
1047 2406 1148 2485 Suppl.
1167 2404 1225 2465 488·
1253 2420 1255 2467 ζ

114 2487 164 2563 qui
178 2484 259 2544 locus
273 2497 371 2546 tamen
383 2489 443 2547 huc
466 2506 525 2545 non
539 2488 677 2567 pertinet,
700 2487 846 2546 Seidlerus
860 2486 897 2546 de
911 2507 999 2547 verss.
1014 2487 1131 2547 dochm.
1144 2506 1172 2564 p.
1184 2486 1222 2544 25·
1253 2530 1255 2545 .

113 2565 294 2644 ingeniosam
308 2567 372 2635 iniit
385 2569 471 2640 viam,
492 2588 550 2647 qua
564 2569 777 2648 correptionem
790 2588 849 2627 non
864 2569 1032 2628 destitutam
1053 2588 1116 2628 esse
1137 2565 1224 2627 defen·

114 2646 196 2706 sione
219 2649 395 2710 ostenderet.
436 2650 635 2710 Blomlieldius
658 2650 696 2710 ad
720 2649 891 2710 Callimachi
913 2651 942 2710 h.
968 2649 1056 2710 Dian.
1080 2655 1127 2712 10.
1167 2644 1226 2704 “lu

113 2736 134 2769 “
148 2729 289 2789 Leonidae
304 2733 371 2791 Tar.
394 2731 495 2811 Epigr.
517 2736 566 2793 Br.
589 2732 677 2792 Anal.
698 2731 734 2790 T.
760 2739 786 2793 1.
810 2753 839 2810 p.
864 2736 934 2793 226.
953 2750 1051 2790 versus
1073 2722 1226 2812 hujusmofi
1252 2760 1255 2767 ·

112 2819 134 2852 “
147 2810 272 2891 legitur:
293 2815 417 2892 adamarit
441 2815 539 2888 o’r'prrm
555 2843 578 2875 or
600 2820 645 2874 acl
667 2812 775 2874 dodim
796 2812 968 2890 δουλιχᾶιντι.
1009 2812 1150 2873 Vocalem
1168 2818 1226 2870 111119

114 2901 135 2933 “
148 2922 193 2971 pn·
201 2894 307 2976 corripi
321 2914 404 2973 posse
421 2845 571 2955 contendit
581 2895 736 2955 Jacobsius
749 2906 816 2974 post
827 2894 972 2972 Toupium
987 2904 1017 2952 et
1026 2891 1225 2973 Musgravium‚
1249 2892 1255 2955 i

113 2984 133 3015 “
148 2975 263 3052 quibus,
284 2975 418 3054 quivult,
438 2976 525 3036 fidem
538 2977 654 3036 habeat.
696 2977 824 3036 Versum
834 2974 974 3034 Leonidae
984 2974 1130 3034 difficilem
1140 2989 1224 3034 emen·
1250 2978 1255 3047 ζ

114 3064 133 3095 ‘¹
147 3054 219 3114 datu
232 3066 319 3115 vocat
329 3056 475 3117 Seidlerus
485 3058 523 3117 de
533 3058 618 3117 Vens.
629 3057 757 3118 Dochm.
770 3082 798 3140 p.
811 3063 859 3118 25.
870 3076 900 3116 n.
915 3057 999 3115 Itane
1009 3057 1099 3116 vero?
1121 3057 1227 3117 Utinam
1251 3054 1255 3105 ἰ

114 3144 134 3174 “
148 3136 219 3194 nilril
228 3137 303 3196 inter
311 3140 464 3218 poetarum
471 3137 642 3199 Graecorum
652 3139 787 3218 reliquias
794 3138 936 3198 difficilius
945 3148 1047 3198 sanctu
1054 3148 1140 3198 esset.
1159 3128 1228 3203 null
1249 3156 1255 3187 ε

112 3226 133 3258 “
148 3218 243 3276 enim?
264 3237 392 3279 unumne
406 3232 518 3279 tantum
530 3220 657 3293 hamum,
673 3240 761 3300 quem
772 3231 966 3291 consecraret,
981 3218 1147 3298 possidebat
1159 3221 1228 3299 ingr·
1244 3198 1255 3287 i

111 3309 133 3343 ‘⁶
146 3302 209 3368 πῶς
219 3301 378 3374 miceam?
393 3301 462 3360 Non
471 3301 529 3362 hoc
540 3302 586 3361 isti
594 3304 750 3382 putabunt,
762 3301 812 3381 qui
821 3319 936 3360 mecum
946 3301 989 3360 rei
999 3299 1228 3378 piscatoriaeops·
1248 3302 1255 3357 Ξ

112 3391 208 3440 “ram
228 3382 369 3443 navarint.
410 3382 493 3462 Lege
510 3384 652 3467 '‘Apum‘'
666 3387 782 3461 ιὺκιμπῆ
795 3389 839 3444 καὶ
853 3381 877 3442 l.
891 3381 938 3442 >2³
981 3381 1022 3440 Et
1036 3382 1124 3453 Mox,
1148 3364 1255 3463 quum]

106 3465 239 3544 'quinque
253 3463 397 3542 exempla,
418 3463 448 3521 in
463 3466 568 3543 quibus
581 3465 699 3545 pluralis
713 3475 767 3536 est,
789 3463 943 3536 attulisset,
964 3461 1005 3521 ita
1017 3462 1129 3542 pergit:
1151 3473 1170 3502 “
1187 3468 1255 3519 nas

110 3555 131 3586 ‘⁶
146 3558 239 3606 terum
256 3545 403 3605 Seidlerus
417 3544 481 3619 iste,
504 3546 557 3625 qui
569 3557 629 3605 tam
643 3545 758 3605 facilem
775 3545 985 3606 correctionem
996 3543 1183 3623 praetervidit,
1196 3538 1235 3599 ds

111 3636 131 3668 “
147 3627 279 3701 Porsoni,
299 3628 323 3686 si
334 3626 388 3687 diis
398 3626 505 3708 placet,
520 3627 676 3702 erroribus,
692 3646 751 3686 ase
764 3626 921 3706 castigatis,
936 3625 1090 3703 magnifice
1100 3624 1178 3705 loqui

111 3716 132 3747 ‘⁸
147 3710 261 3788 Nempe
279 3709 356 3769 leoni
370 3722 485 3769 mortuo
506 3710 552 3770 vel
573 3710 670 3768 asinus
693 3709 823 3768 calcibus
843 3708 970 3766 frontem
996 3707 1138 3766 exterit.’'
1177 3705 1204 3770 Q

111 3789 217 3861 sciunt,
239 3811 304 3869 quae
317 3790 398 3868 leges
411 3792 468 3851 sint
482 3794 550 3852 artis
567 3792 688 3862 criticae,
701 3790 788 3851 etiam
798 3790 958 3848 laudabunt
970 3787 1145 3857 Seidlerum,
1161 3774 1231 3866 quod

37 3906 40 3913 -
111 3888 143 3927 se
156 3871 386 3948 praetervidenda
398 3872 454 3930 hac
469 3875 650 3934 correctione
665 3872 808 3942 criticum,
824 3867 1053 3949 quamfacienda
1062 3869 1235 3948 piscatorem,-

112 3953 240 4028 praebere
253 3950 388 4011 voluerit.
428 3953 568 4013 Rationes
583 3954 684 4013 afferre
698 3954 728 4011 in
742 3973 774 4012 re
788 3953 874 4032 plana
887 3968 1134 4030 supervacaneum
1153 3957 1229 4028 puto,

113 4030 172 4090 Sed
183 4031 212 4103 ii,
227 4034 330 4109 quibus
344 4035 479 4111 exempla
488 4054 540 4112 pro
550 4035 661 4098 ratione
672 4045 751 4105 sunt,
766 4033 901 4104 viderint,
917 4032 987 4111 quid
995 4031 1104 4091 faciant
1117 4027 1229 4090 Archia

111 4112 317 4190 epigrammate
332 4114 370 4173 X.
411 4114 499 4174 Illum
512 4135 581 4176 vero
596 4135 651 4193 ego
665 4134 725 4172 non
738 4115 869 4194 ineptum
890 4114 1025 4186 dixerim,
1047 4112 1097 4192 qui
1117 4130 1156 4172 ex
1181 4110 1188 4124 “

113 4193 318 4272 epigrammate
333 4195 451 4254 Archiae
465 4197 543 4274 apud
557 4195 719 4255 Leonidam
729 4196 914 4257 scribendum
925 4194 1074 4274 conjiciat,
1095 4192 1226 4273 papiriis
1249 4194 1255 4258 ἱ

112 4275 257 4357 linconen.
300 4277 445 4337 Caeterum
469 4275 616 4356 aliquanto
638 4277 828 4337 verecundius
842 4278 1030 4357 loquuturum
1044 4295 1130 4355 spero
1143 4264 1255 4347 virunh

112 4355 263 4434 optimum,
285 4357 336 4417 ubi
358 4361 546 4439 reputaverit,
568 4379 625 4440 quo
650 4358 774 4439 quisque
794 4359 909 4422 doctior
929 4359 977 4430 sit,
999 4358 1019 4419 i.
1033 4377 1058 4418 e.
1073 4376 1133 4436 quo
1146 4350 1254 4432 magis..¹
