2694 4866
114 306 157 365 80
501 294 582 357 LIB.
602 295 644 357 11.
667 294 760 356 cAP.
782 288 865 356 x1v.

106 474 187 531 380.
201 486 282 548 seqq.
324 466 466 534 Quaedam
487 485 544 545 ego
558 484 675 546 quoque
689 465 844 526 attuleram
857 463 888 523 in
902 463 983 544 praef.
997 463 1037 525 ad
1050 463 1130 526 Hac.
1150 487 1181 547 p.
1194 470 1237 530 88.

115 571 147 611 se
189 596 197 611 .

148 571 205 696 qq
221 631 407 690 Sarunrcus
423 630 565 702 trimeter,
580 640 612 688 ut
626 647 714 708 supra
727 628 839 691 dictum
853 638 908 699 est,
919 627 1078 688 solutiones
1087 628 1235 709 longarum

118 713 292 793 syllabarum
308 711 448 782 crebrius,
463 731 550 790 quam
564 711 704 791 tragicus,
717 708 855 771 admittit.
896 710 972 770 Vide
987 710 1194 770 Casaubonum
1206 710 1239 771 do

114 795 196 874 poe'si
210 794 336 873 satyrica
350 815 378 872 p.
399 797 469 855 999.
513 794 698 872 Quamquam
712 791 851 851 credibile
864 801 919 862 est,
933 791 964 850 in
977 791 1111 870 satyricis
1124 810 1235 872 quoque

115 875 220 935 fabulis
233 877 382 954 aliquanto
396 879 536 955 majorem
551 892 652 933 curam
666 883 734 933 ante
748 873 953 967 Olympiadem
967 872 1141 933 LXXXIX.
1155 892 1235 954 quam

115 969 181 1037 post
195 958 265 1016 illud
290 969 415 1034 tempus,
440 955 601 1015 adhibitam
622 974 696 1014 esse.
738 955 795 1015 Cur
815 954 858 1014 rei
882 954 970 1014 fidem
993 954 1233 1016 facereridentnr

114 1039 288 1118 fragmenta,
303 1057 368 1117 quae
382 1056 421 1096 ex
436 1036 568 1116 AEschyli
582 1050 611 1097 et
626 1036 780 1115 Sophoclis
795 1035 927 1115 satyricis
939 1035 1044 1096 fabulis
1058 1035 1130 1096 satis
1149 1036 1234 1097 mults

118 1132 283 1199 supersunt.
323 1118 471 1196 Quodque
494 1119 524 1176 in
549 1118 649 1179 Rheso
662 1117 875 1190 adnotavimus,
899 1117 1118 1177 Alexandrinos
1131 1134 1236 1179 rursum

113 1203 152 1262 ad
166 1205 305 1280 majorem
330 1201 514 1260 severitatem
527 1199 657 1271 rediisse,
671 1200 759 1258 etiam
780 1199 817 1259 de
830 1199 934 1279 satyris
959 1199 1071 1259 dictum
1096 1199 1233 1270 volumus,

115 1302 240 1363 quorum
254 1282 367 1361 insigne
380 1282 557 1360 exemplum,
579 1300 617 1340 ex
640 1280 767 1343 Sosithei
786 1280 923 1360 Lytiersa
936 1291 1096 1354 serratum,
1111 1281 1235 1341 omnrbus

114 1376 219 1424 notum
233 1375 286 1424 est.
331 1365 378 1423 De
393 1382 429 1422 eo
443 1362 587 1442 disputavi
601 1363 631 1420 in
653 1362 856 1423 dissertatione
876 1361 915 1441 de
934 1362 1065 1422 dramate
1086 1362 1235 1423 comicosa·

119 1447 224 1526 tyrico,
240 1446 347 1505 inserta
361 1443 463 1505 Beckii
478 1444 692 1504 commentariis
704 1463 766 1503 soc.
779 1444 879 1523 philol.
900 1443 958 1505 vol.
978 1443 1004 1503 1.
1026 1443 1060 1502 P.
1083 1444 1126 1504 11.

162 1533 209 1590 18.
231 1526 336 1606 ltaque
360 1527 468 1586 rectius
490 1525 613 1585 fortasse
633 1525 675 1585 ita
697 1525 865 1597 sentiemus,
892 1525 1012 1604 satyrici
1034 1524 1161 1586 trimetri
1186 1524 1234 1584 boo

115 1628 179 1669 essa
198 1608 357 1687 proprium,
379 1618 413 1666 ut
432 1607 605 1685 gravitatem
625 1607 754 1666 imitetur
775 1607 890 1685 tragici,
911 1606 963 1666 sed
983 1616 1094 1680 tamen,
1108 1605 1233 1686 quoniam

114 1690 146 1749 id
166 1709 225 1748 non
238 1690 314 1749 serio
327 1689 370 1761 fit,
384 1689 530 1748 interdum
545 1689 633 1749 etiam
654 1698 831 1768 anapaestum
846 1689 999 1758 adsciscat,
1014 1687 1066 1767 qui
1079 1699 1125 1749 est
1139 1685 1233 1748 comici

118 1772 242 1832 trimetri
262 1770 404 1850 proprius.
445 1773 547 1849 Atque
567 1770 616 1829 bic
636 1789 688 1848 pes
708 1780 865 1849 usurpatur
884 1770 1002 1848 quidem
1016 1769 1047 1827 in
1060 1769 1175 1849 satyris,
1192 1766 1241 1828 sad'

115 1873 204 1932 quam
225 1852 254 1912 id
275 1853 419 1931 pudenter
439 1871 585 1931 parceque
605 1851 716 1910 factum
736 1851 784 1923 sit,
806 1871 845 1910 ex
866 1850 1100 1928 cointelligitur,
1120 1848 1231 1930 quodin

113 1945 176 1994 toto
192 1934 323 2014 Cyclope
337 1953 396 1992 non
406 1933 490 2012 plura
504 1952 591 2011 quam
606 1931 805 2010 duodeviginti
820 1937 882 2013 ejus
896 1932 1032 2011 exempla
1045 1931 1229 2001 inveniuntur,

116 2035 145 2076 v.
162 2024 229 2078 151.
243 2020 312 2078 931.
333 2019 404 2076 933.
419 2019 488 2075 911.
502 2018 572 2079 971.
586 2017 656 2077 973.
670 2018 739 2073 333.
755 2017 824 2075 319.
838 2018 908 2074 555.
921 2015 993 2077 557.
1007 2018 1078 2076 559.
1092 2019 1163 2078 563.
1175 2015 1231 2078 573.

8 2154 11 2159 .
114 2103 186 2160 581.
208 2102 278 2159 638.
299 2103 369 2159 619.
390 2102 462 2158 613.
482 2101 552 2158 680.
594 2095 672 2155 Nam
692 2094 749 2154 alia
769 2095 901 2174 quaedam
921 2105 1061 2173 corrupta
1074 2107 1152 2155 suut.
1192 2095 1229 2152 lc

113 2199 152 2239 ne
167 2179 230 2260 quis
243 2179 319 2240 forte
333 2181 370 2239 ab
384 2178 595 2258 antiquioribus
608 2196 668 2236 non
682 2187 852 2256 usurpatum
873 2195 936 2235 esse
950 2188 1131 2255 anapaestum
1144 2176 1228 2256 opina·

113 2273 172 2333 tur,
193 2281 252 2320 non
273 2261 375 2320 inutile
388 2261 444 2320 erit
466 2259 598 2338 AEschyli
611 2277 729 2318 versum
743 2257 920 2336 apposuisse,
941 2254 1229 2339 quem-Bentleiusin

113 2343 198 2422 epist.
212 2344 250 2402 ad
265 2343 433 2403 Hemsterh.
446 2361 475 2420 p.
496 2347 547 2404 96.
567 2340 754 2401 emendatum
768 2337 861 2401 deditr
1244 2338 1247 2343 '

195 2465 253 2517 λινᾶ
267 2457 293 2518 ll
306 2465 398 2532 ysi‘rrat
411 2460 550 2535 ὠμολίνου
562 2462 657 2540 pangor*
670 2457 742 2518 ciros.

116 2574 221 2653 Itaque
236 2574 316 2653 quod
335 2573 518 2654 grammatici
531 2573 646 2646 volunt,
667 2574 825 2653 satyricum
849 2574 1013 2635 trimetrum
1033 2574 1161 2634 maxime
1178 2573 1229 2633 bra·

115 2656 194 2714 vium
215 2657 390 2736 syllabarum
413 2656 497 2736 copia
518 2674 537 2714 a
557 2655 669 2734 tragico
691 2654 816 2728 differre,
837 2675 942 2715 vereor
962 2675 1000 2716 ne
1020 2656 1133 2717 nonsit
1147 2653 1229 2716 itain·

114 2738 315 2816 telligendum,
337 2751 370 2798 ut
384 2758 420 2798 ea
432 2737 551 2797 licentia
570 2738 635 2817 plus
649 2737 680 2795 iu
698 2738 802 2819 satyris
823 2756 889 2796 usos
910 2756 973 2797 esse
994 2736 1122 2816 tragicos
1142 2733 1229 2798 credi·

113 2839 190 2891 mus,
211 2840 298 2900 quam
320 2820 350 2879 id
374 2840 424 2880 eos
444 2820 475 2877 in
495 2820 659 2879 recentiore
680 2819 824 2898 tragoedia
851 2818 955 2878 fecisse
981 2818 1123 2879 videmus.
1164 2814 1228 2885 Quin

5 2920 10 2931 ¹
113 2901 267 2961 haudscio
282 2922 319 2961 an
334 2902 422 2962 etiam
436 2901 626 2960 modestiores
641 2901 671 2959 in
685 2902 789 2980 satyris
802 2899 891 2959 fuisse
906 2900 1011 2973 dicam,
1033 2920 1123 2978 quum
1142 2901 1172 2959 in
1183 2899 1228 2968 bat

114 2981 177 3062 ipso
191 2983 286 3062 posita
299 2984 336 3042 sit
352 2994 457 3042 natura
470 2994 644 3062 satyrorum,
665 2993 697 3041 ut
720 2982 819 3060 specie
842 2981 968 3061 quadam
991 2980 1142 3060 gravitatis
1155 2980 1228 3040 risrtl

114 3075 259 3123 moveant.
301 3065 367 3123 Nec
391 3076 565 3142 repugnant,
590 3064 643 3123 sed
664 3063 837 3123 confirmant
850 3063 946 3143 potius
962 3066 1227 3141 conjecturarum

114 3154 188 3204 tram
203 3157 234 3205 et
250 3144 378 3224 Cyclops
392 3157 422 3204 et
435 3145 608 3224 fragmenta,
624 3164 689 3224 quae
702 3146 853 3218 habemus,
867 3156 1041 3224 satyrorum.

160 3231 207 3286 19.
229 3228 408 3287 Perventum
423 3238 467 3286 est
481 3227 607 3305 denique
621 3226 658 3286 ad
673 3244 814 3286 corrrcos
826 3226 982 3295 trimetros,
1005 3226 1086 3305 quod
1099 3244 1190 3305 genus
1201 3227 1229 3283 ut

113 3306 232 3368 licentia
246 3319 367 3368 caeteras
381 3309 487 3369 formas
508 3319 636 3387 superat,
657 3309 698 3367 ita
717 3308 880 3386 peculiares
899 3307 1037 3386 quasdam
1060 3307 1229 3368 diffiemura

112 3389 212 3450 habet.
254 3391 355 3470 Atque
375 3402 409 3448 ut
429 3391 530 3468 paucis
551 3388 832 3468 comprehendamus
854 3407 900 3460 ea,
928 3409 994 3468 quae
1014 3388 1133 3469 propria
1157 3389 1229 3468 hujus

111 3490 212 3530 versus
226 3482 303 3544 sunt,
323 3472 511 3531 continentur
524 3490 560 3530 ea
572 3471 617 3530 his
632 3471 725 3530 tribus
739 3472 836 3544 rebus,
850 3471 954 3550 primo,
970 3468 1050 3550 quod
1063 3480 1228 3551 anapestum
1266 3538 1273 3549 ι

111 3553 246 3612 omnibus
270 3554 300 3611 in
324 3553 397 3613 locis
420 3553 535 3633 recipit,
559 3562 666 3636 praeter
692 3551 837 3627 ultimum,
860 3562 894 3613 ut
915 3549 994 3634 apud
1015 3550 1227 3634 Aristophanen

111 3634 287 3717 Vesp2973.
1237 3660 1241 3673 ·

190 3749 312 3823 ustitia,
326 3750 447 3824 κατάβα,
462 3748 580 3845 moritis,
595 3749 716 3822 κατάβα,
730 3752 922 3829 resupinam,

112 3883 199 3943 quern
213 3877 389 3945 anapaestum
402 3869 462 3944 jam
477 3886 564 3946 supra
577 3866 627 3927 lib.
643 3869 668 3928 1.
683 3885 710 3927 c.
729 3870 760 3939 5,
775 3871 804 3928 9.
818 3875 849 3924 et
863 3864 904 3924 II.
919 3883 947 3926 c.
963 3866 1011 3936 19,
1025 3868 1131 3925 ‘anon
1221 3864 1230 3939 j

113 3965 176 4005 esse
197 3948 336 4026 spondeo,
358 3946 411 4006 sed
424 3948 526 4006 breves
540 3948 666 4026 syllabas
689 3945 869 4007 irrationales
892 3947 1001 4006 babere
1021 3945 1166 4006 monitum
1178 3952 1233 4009 att

27 4086 29 4090 .
114 4026 221 4087 deinde
237 4030 315 4108 quod
330 4048 469 4088 caesuram
483 4029 514 4086 in
524 4029 621 4087 medio
632 4028 708 4107 pede
719 4029 806 4088 tertio
817 4029 909 4089 multo
922 4027 1038 4108 sapius,
1052 4045 1141 4106 quam
1154 4021 1230 4105 tragl-

110 4127 164 4169 cus
178 4108 317 4179 trimeter,
333 4110 471 4189 negligit;
484 4109 611 4188 denique
625 4110 704 4188 quod
718 4110 884 4170 cautionem
897 4111 1086 4189 tragicorum,
1100 4129 1139 4170 ne
1185 4107 1193 4120 ⁰
1225 4112 1232 4185 j

111 4189 205 4331 quiqui
218 4191 299 4268 pedis
320 4191 431 4270 syllaba
444 4190 482 4251 sit
506 4191 596 4271 longo
619 4191 724 4264 finalia,
755 4192 841 4272 plane
864 4192 990 4274 ignorat,
1010 4204 1043 4253 ut
1055 4191 1087 4252 ln
1100 4183 1232 4275 princip&

111 4276 159 4335 Ac
199 4271 355 4342 rnenaium,
1236 4312 1239 4325 ι
1265 4304 1272 4313 -

189 4388 238 4453 lca
250 4386 279 4454 di
292 4387 414 4471 didyme
427 4395 470 4458 sir
483 4391 593 4470 ἐμαυτοῦ
605 4387 722 4475 aeglr‘aer.
