2694 4866
109 308 169 369 soa
279 264 283 275 “
478 303 558 363 mu.
578 302 621 363 11.
641 301 737 364 cnr.
758 302 856 365 xxv.

194 485 354 568 φωλοτίμς
366 490 445 566 Petam
461 488 646 566 adrumetis.

192 564 280 628 tram
289 592 315 628 τι
330 564 462 649 'dragous
475 562 551 648 ἰ’ςιδις
566 563 644 646 ὅτις.

114 680 161 741 lbl
174 680 308 761 profecto
322 679 479 761 permirum
492 679 580 753 foret,
601 678 625 738 si
639 680 727 759 podta
738 679 878 740 noluisset
893 676 1022 763 δύσφςοὲος
1033 678 1070 755 *ik
1081 674 1156 763 '‘ng
1176 674 1233 739 acti·

113 765 193 826 here.
236 768 277 823 At
291 774 405 823 tantum
419 762 512 834 abest,
534 773 568 820 ut
588 760 619 820 id
640 762 840 841 reponendum
860 762 908 831 sit,
931 773 973 835 ut,
995 759 1044 841 qui
1067 758 1140 829 velit
1157 777 1231 838 repo.

114 860 194 916 nere,
216 843 304 904 etiam
326 843 459 904 vitiatum
479 842 522 902 ire
542 861 678 903 numeros
693 842 833 903 videatur.
873 843 951 902 Nam
964 840 1044 901 hun'c
1057 860 1174 907 versum
1186 857 1235 913 noa

114 926 290 1007 dactylicum
305 945 380 998 esse,
400 924 452 984 sed
466 944 505 985 ex
519 922 637 1004 dactylo
652 935 683 984 et
696 924 833 984 dochmio
848 934 993 996 constare,
1013 942 1051 984 eo
1071 923 1167 983 minsas
1188 918 1232 979 du-

112 1006 192 1067 bium
207 1019 289 1087 puto,
311 1006 390 1087 quod
403 1016 472 1066 ante
486 1005 517 1065 in
530 1006 633 1066 eadem
646 1006 765 1087 stropha
781 1005 882 1067 itidem
897 1004 1008 1086 dactyli
1028 999 1235 1065 in'dochmiun

114 1100 234 1150 exeunt.
265 1088 378 1148 Vitium
387 1088 416 1146 in
430 1085 585 1169 strophicis
599 1088 728 1148 versibus
740 1097 799 1162 est,
819 1108 915 1168 neque
929 1088 960 1151 id
973 1106 1074 1149 unum.
1104 1084 1232 1166 Repone:

200 1213 284 1268 mssa)
300 1205 322 1267 δ’
336 1206 397 1266 ‘o'ras
410 1205 501 1289 φίμσι
516 1207 647 1273 ναυτίλους
660 1208 730 1277 θοαί,

236 1292 309 1349 md
319 1286 448 1353 nimiu
461 1285 557 1366 >stipa
569 1284 708 1370 restaldus
721 1287 821 1367 γνάμι,

236 1375 318 1444 noda
331 1395 359 1430 π
371 1371 471 1437 vathos
485 1369 584 1452 ι’θᾴον,
606 1369 776 1452 dederim&

239 1469 292 1530 φιν
340 1450 348 1471 '
409 1457 491 1533 φςινὶς
505 1451 651 1533 αὖτὸφςωος

238 1534 295 1604 ίνᾶς,
315 1530 338 1593 οἳ
349 1478 448 1599 danaae
459 1530 510 1593 ἄνοι’
520 1556 548 1593 nt
559 1532 687 1615 μίλιθμ,

240 1613 312 1676 κατά
324 1640 352 1674 τι
364 1615 468 1681 πέλας.

240 1695 334 1765 s‘srp'rsr
347 1702 420 1778 tigris
431 1696 525 1757 θίλυσι
538 1695 633 1779 sarga's.

109 1817 150 1872 “A
165 1810 278 1872 numeri
288 1812 407 1892 pluralis
421 1824 476 1875 est.
517 1813 619 1874 Minus
634 1813 732 1884 etiam,
754 1828 841 1893 qnam
851 1811 1124 1893 proceleusmatico,
1137 1823 1232 1887 amp*

118 1906 164 1957 sto
179 1893 398 1965 videtur,locns
423 1895 547 1957 concedi
572 1912 668 1975 posse.
711 1896 816 1974 Neque
838 1895 916 1954 enim
939 1895 1100 1954 verendum
1114 1901 1192 1973 puto,
1206 1902 1234 1944 nt

45 1975 56 2047 ’,
119 1975 266 2119 trgiapquis'
280 1977 415 2054 exempla
428 1976 549 2038 allatum
562 1987 621 2049 eat,
643 1977 728 2055 quale
750 1977 807 2036 hoe
822 1989 867 2037 est
880 1974 910 2035 in
932 1970 1091 2039 Phoenissis
1110 1992 1140 2035 r.
1163 1972 1240 2034 1591:

121 2078 138 2118 e
160 2104 168 2121 .
211 2077 267 2116 ors.
740 2075 744 2086 ·
1133 2088 1145 2096 -

201 2171 245 2245 35²⁶
259 2172 370 2258 dvm&
380 2179 471 2246 Madv
483 2176 578 2255 φσνίιν.

125 2290 202 2350 Nam
216 2289 378 2350 hievernus
392 2308 451 2348 non
465 2295 562 2369 potest
576 2289 697 2349 dubium
711 2307 786 2362 esse,
807 2289 878 2367 quin
891 2286 1084 2366 anapaesticus
1105 2283 1154 2367 sit,
1174 2273 1241 2362 qond-

123 2390 217 2450 genus
230 2390 308 2450 saepe
321 2371 474 2448 dactylicis
488 2372 636 2431 inseritur.
958 2398 963 2405 ·
1030 2390 1033 2395 ·

165 2456 195 2512 3.
219 2452 267 2509 Ex
279 2452 324 2521 iis,
346 2469 412 2528 quae
425 2470 513 2530 supra
526 2452 605 2512 dicta
618 2462 695 2523 sunt,
711 2451 849 2530 conjicias
863 2451 922 2510 dno
931 2468 993 2510 esse
1004 2454 1240 2528 generaverantm

125 2531 349 2610 dactylicarum,
371 2548 471 2603 unum,
492 2533 523 2589 in
537 2551 596 2610 quo
609 2534 679 2592 arsis
693 2544 790 2611 aequct
803 2532 909 2605 thesin,
933 2531 1069 2604 alterum,
1091 2527 1169 2608 quod
1184 2524 1237 2614 int·

51 2635 52 2638 ¹
126 2612 264 2674 tionalem
278 2612 394 2690 longam
409 2615 439 2670 in
451 2613 510 2679 arsi
523 2614 639 2674 habeat.
684 2614 714 2673 Si
727 2614 769 2672 ita
782 2626 837 2687 est,
857 2623 989 2693 apparet,
1010 2610 1084 2670 illud
1101 2626 1198 2689 genus,
1215 2618 1237 2659 1¹¹

127 2714 186 2775 quo
198 2712 282 2774 pares
296 2705 364 2754 sunt
378 2695 448 2754 arsis
463 2694 607 2770 etthesis,
621 2713 739 2774 gravem
753 2696 861 2755 habere
875 2706 905 2754 et
919 2693 1092 2774 aequabilem
1101 2694 1238 2774 incessum,

126 2777 250 2836 alterum
264 2787 364 2836 autern
376 2775 485 2836 leviore
505 2787 536 2836 et
556 2777 690 2836 citatiore
711 2796 798 2835 cursu
822 2776 901 2836 ferri.
947 2774 1008 2842 Qui
1030 2793 1100 2834 vero
1122 2765 1240 2850 dactylis

120 2857 335 2951 'versm‘hujua
356 2857 406 2935 qui
420 2857 538 2931 alterius
551 2858 666 2936 generis
684 2857 750 2928 sint,
772 2852 822 2916 vix
842 2857 1013 2934 distinguas,
1033 2874 1126 2936 quum
1145 2848 1254 2931 legibs·

128 2948 249 2997 utantur
270 2939 382 3011 irsdem,
411 2950 442 2997 et
464 2958 502 2997 ne
527 2942 557 2998 in
581 2939 630 2998 illo
652 2938 769 3018 quidem
784 2958 902 3016 genere,
924 2938 1005 3016 quod
1015 2938 1103 3014 justae
1116 2942 1240 3018 mensae

129 3020 205 3078 arsin
219 3018 319 3090 habet,
340 3018 458 3089 solutio,
478 3020 533 3077 nisi
553 3020 583 3076 iu
603 3020 720 3079 nomine
743 3020 871 3099 proprio,
895 3019 1068 3097 reperiatur.
1110 3012 1241 3079 &mutu

126 3100 198 3178 quid
210 3099 239 3157 in
253 3098 309 3159 hac
323 3118 356 3156 re
368 3099 555 3158 tribuendum
569 3113 623 3175 est,
638 3101 676 3160 ad
689 3101 761 3159 illud
771 3114 874 3180 genus,
888 3100 920 3160 in
933 3118 992 3179 quo
1003 3097 1177 3159 irrationalis
1185 3089 1240 3154 anit

124 3192 185 3260 nest,
206 3192 312 3260 praeter
331 3180 465 3256 heroicos
485 3201 595 3255 versus,
616 3182 773 3262 dequibus
794 3202 832 3241 ex
856 3181 1000 3261 Dionysio
1023 3190 1149 3252 constat,
1173 3175 1242 3239 etism

124 3274 343 3343 ,pentametrum
358 3261 531 3341 elegiacum,
552 3275 672 3344 propter
685 3261 932 3325 consociationem
950 3267 1013 3343 ejus
1027 3280 1097 3323 cum
1109 3279 1192 3327 versu
1202 3254 1241 3329 ht?

130 3342 222 3416 roico,
243 3355 306 3421 tum
330 3343 483 3424 plerosque
498 3365 609 3418 omnes,
629 3345 679 3425 qui
690 3344 854 3424 systematis
868 3342 1078 3424 comprehendi
1091 3330 1242 3431 solentdr

123 3437 250 3503 metros,
272 3428 468 3499 tetrarhetros,
488 3426 675 3488 hexametros
688 3425 847 3489 retulerim.
884 3425 1015 3487 Alterius
1025 3436 1126 3501 autern
1136 3432 1243 3505 gentfflg

125 3508 164 3577 ‚in
179 3525 237 3586 quo
251 3506 322 3566 arsis
335 3507 422 3586 plena
438 3527 573 3568 mensura
586 3521 642 3580 est,
662 3508 726 3569 illos
739 3498 803 3567 esse
823 3519 934 3589 putem,
956 3506 1006 3586 qui
1028 3526 1045 3566 e
1067 3505 1163 3577 initis,
1181 3500 1245 3583 gn'ss

89 3609 90 3613 ¹
134 3606 265 3657 numero,
285 3588 391 3666 juncti,
412 3589 505 3650 Duria
525 3590 675 3652 harmonia
689 3589 879 3664 canebantur,
905 3607 1029 3670 quorum
1041 3527 1243 3668 dequestum

134 3680 179 3731 cst
189 3669 268 3750 apud
282 3670 451 3745 Pindarum,
467 3673 558 3732 rarior
572 3672 602 3731 in
616 3669 776 3751 tragoedia'

151 3752 153 3757 ’
176 3756 207 3814 4.
230 3750 290 3810 Sed
311 3763 377 3812 utut
399 3750 463 3813 haec
485 3774 531 3814 res
555 3753 603 3826 sit,
624 3749 722 3814 tamen
746 3753 802 3813 alio
822 3751 910 3812 modo
928 3751 987 3811 duo
1002 3747 1142 3811 constitui
1154 3744 1243 3827 debent

137 3850 272 3890 versuum
287 3831 498 3910 dactylicornm
512 3855 630 3914 genera.
651 3835 712 3896 Alii
726 3836 804 3896 enim
817 3835 875 3894 hoc
888 3833 1038 3914 proprium
1050 3831 1170 3903 habent,
1181 3815 1243 3906 qud

138 3923 251 3971 tantum
265 3932 319 3992 per
332 3913 464 3993 dipodias
476 3916 523 3973 vel
544 3917 616 3976 alios
640 3916 756 3977 ordines
778 3935 847 3977 vere
871 3912 1042 3995 dactylicus,
1064 3914 1085 3974 i.
1103 3930 1134 3974 a·
1153 3904 1242 4000 nullpffl

138 3997 290 4052 anacrnsin
304 3996 455 4068 habentes,
476 3997 630 4068 incednnt;
649 3999 698 4059 alii
719 4010 816 4060 autem
838 3996 1007 4057 dividuntur
1026 3997 1058 4055 in
1080 3992 1242 4057 ordinem·

139 4093 224 4152 pares
238 4093 273 4133 ac
286 4076 447 4149 dissimiles,
469 4078 510 4137 ita
524 4090 557 4137 ut
570 4079 729 4140 hi'ordines
750 4080 838 4141 etiam
862 4078 1017 4141 anacrusin
1040 4077 1088 4138 val
1113 4074 1192 4136 unius
1207 4054 1241 4123 ἦ
1269 4150 1272 4159 Ι

140 4152 264 4213 duorum
278 4168 440 4236 temporum
455 4159 606 4238 recipiant.
1267 4186 1272 4219 r

131 4297 134 4301 ,
180 4242 211 4295 5.
226 4237 350 4296 Dicatur
364 4240 457 4318 primo
471 4241 509 4300 de
522 4241 567 4313 iis,
589 4241 691 4319 quiex
705 4242 854 4304 ordinibus
867 4261 936 4303 vere
948 4242 1104 4322 dactylicis
1122 4229 1240 4303 W

55 4373 58 4379 .
143 4310 169 4374 Ii
182 4312 260 4396 apud
274 4319 398 4397 tragicos
409 4320 600 4401 potissimum,
621 4334 652 4384 et
670 4325 808 4399 comicos,
830 4336 861 4387 et
876 4324 991 4404 'lyricos
1016 4323 1165 4412 AEuenses
1180 4315 1238 4397 ,W
1270 4326 1272 4331 ’

699 4459 718 4505 6
