2694 4866
270 293 273 297 .
327 242 386 305 DE
408 239 666 303 DACTYLIClS
687 238 986 304 LOGAOEDICIS.'
1170 247 1235 305 233·
1339 248 1342 253 ’

201 446 212 472 s
339 474 358 485 -
384 446 392 470 s

184 497 227 509 -
236 480 282 514 W
291 497 333 509 -
339 489 357 510 ν
368 497 410 508 --
419 480 443 512 υ
455 496 496 508 ι-

367 562 414 592 W

138 665 171 724 5.
192 658 379 738 Logaoedicis
393 677 509 737 quoque
523 657 652 716 versibus
672 656 819 736 praemissa
841 656 1096 731 basisinvenitur.
1139 659 1229 738 Cujus

117 741 217 804 eneris
231 760 305 800 unus
318 740 444 815 maxime
464 758 564 798 versus
588 739 751 798 celebratus
771 751 826 810 est,
848 739 1016 798 Phalaeceus
1040 738 1231 818 hendecasyl-

98 763 194 884 dhus.
237 822 314 880 Eum
337 820 518 901 grammatici
539 839 629 898 quum
649 820 678 878 in
699 820 832 900 syzygias
846 821 953 898 pedum
967 820 1173 898 disyllaborum
1188 821 1232 879 di·

99 907 245 976 viderent,
266 903 341 963 male
356 903 394 961 ad
406 903 579 981 antispastus
592 898 766 962 ¹retulerunt.
808 903 929 963 Constat
943 901 992 961 hic
1003 922 1101 961 versus
1115 922 1155 961 ea
1168 903 1230 961 basi

99 999 126 1046 st
141 1000 204 1067 nno
221 984 321 1045 ordine
332 985 506 1062 logaoedioo,
531 984 682 1063 dactylum
702 994 734 1042 et
754 994 814 1042 tres
837 983 981 1043 trochaeos
1003 984 1229 1062 complectente.

95 1071 199 1138 Quare
214 1078 325 1147 praetor
343 1067 424 1126 basin
446 1084 588 1145 nusquam
602 1066 685 1125 locus
700 1075 746 1125 est
758 1065 876 1146 syllaba
890 1065 1020 1146 ancipiti,
1040 1066 1095 1124 nisi
1108 1066 1138 1124 in
1156 1065 1229 1161 linea

175 1337 260 1422 χιῒξ,
277 1335 299 1396 ri
311 1338 477 1421 xgvadstgaq,
489 1337 632 1409 βιβάκτι,
653 1340 747 1411 sisar,
837 1414 842 1422 ,

178 1419 249 1492 sssis,
268 1427 429 1493 Πελασγικὶν
440 1419 540 1501 ’Ἂςγος
555 1418 707 1498 ἰμβωτῶω.
798 1427 801 1431 ’

89 1549 247 1629 Exempla
259 1562 321 1610 tum
335 1550 425 1628 ipsius
440 1550 566 1610 Phalaeci
580 1550 610 1608 in
626 1551 766 1611 Brunclrii
780 1551 934 1612 Analectis
948 1553 985 1613 Τ.
999 1554 1024 1613 I.
1038 1572 1067 1631 p.
1083 1556 1153 1615 421.
1167 1565 1231 1614 tum

89 1632 280 1713 tragicorum
301 1631 432 1711 quadam
447 1633 684 1692 commemoravit
698 1632 881 1692 Gaislordins
894 1634 933 1692 ad
948 1633 1187 1714 Hephaestionem
1201 1657 1232 1717 p.

92 1717 169 1776 306.
213 1713 371 1792 Usurpavit
386 1713 473 1773 etiam
489 1712 643 1789 Pindarus,
664 1716 703 1774 ut'
712 1714 761 1774 01.
775 1713 858 1772 XIV.
867 1719 898 1774 2.

180 1847 236 1907 aiis
250 1849 325 1908 satim
334 1851 501 1910 καλλίπωλον
510 1844 591 1932 idgus.

92 1972 143 2038 Et
155 1978 312 2059 saepissime
326 1980 371 2040 usi
384 1991 452 2040 sunt
466 1979 566 2039 Latini
577 1983 681 2058 politae,
697 1981 839 2052 Catullus,
855 1978 1008 2052 Martialis,
1032 1980 1152 2057 Statius,
1163 1984 1232 2045 alii.

94 2056 236 2120 Catullus
261 2081 323 2120 uno
344 2072 460 2120 tantum
479 2061 510 2118 in
531 2061 659 2121 carmine
674 2056 752 2120 LV.
771 2081 877 2139 magno
895 2081 962 2120 cum
976 2062 1128 2142 elegantia
1142 2064 1231 2123 detri-

92 2151 200 2202 mento
213 2144 376 2222 spondeum
389 2163 443 2222 pro
457 2142 588 2223 dactylo,
600 2143 665 2203 'nec
678 2143 779 2217 semel,
799 2143 929 2203 admisit:

92 2264 97 2269 ’
168 2295 287 2347 oramus,
303 2279 326 2336 si
336 2277 406 2345 forte
422 2296 477 2335 non
489 2278 630 2334 molestum
643 2287 694 2336 est.

138 2411 168 2469 6.
192 2406 284 2486 Apud
298 2408 424 2486 tragicos
437 2424 515 2486 sape
529 2405 602 2465 alius
615 2425 714 2466 versus
725 2404 881 2480 invenitur,
896 2404 947 2485 qui
956 2421 1015 2464 uno
1029 2403 1105 2485 pede
1117 2405 1232 2466 brevior

97 2496 156 2563 est,
177 2500 213 2548 ut
226 2488 307 2569 apud
321 2487 493 2568 AEsclrylum
506 2487 537 2546 in
549 2491 656 2567 Agam.
670 2491 742 2552 752.

180 2605 316 2685 dtfflvyui
327 2603 414 2689 ’deam
428 2604 513 2673 ἔθος.

101 2725 137 2796 ln
150 2739 249 2800 Persis
262 2744 333 2804 270.

89 2840 104 2951 ,Ι
178 2879 233 2948 γῖς
247 2872 296 2934 aiae'
310 2830 409 2939 ’sellae
421 2869 485 2942 ἦλθ’
496 2870 536 2933 isr'
548 2871 617 2933 alat.

107 2974 165 3047 llic
176 2960 288 3060 sersus,
308 2986 333 3049 si
346 2987 376 3046 in
389 2987 452 3046 basi
465 2986 611 3066 spondeus
625 2987 672 3048 tel
685 2986 798 3057 iambus
812 2998 867 3062 est,
882 2985 1044 3053 cavendum
1057 3008 1096 3050 ne
1106 2985 1174 3051 eum
1182 2988 1232 3051 illo
1251 2991 1254 2994 ’

89 3010 308 3199 x{sunfundastut⁸
332 3068 383 3148 qui
404 3087 442 3128 ex
460 3068 620 3150 antispasto
633 3081 664 3130 et
677 3067 779 3133 iambis
793 3082 850 3132 est:
872 3082 905 3130 ut
919 3068 997 3150 apud
1012 3071 1185 3152 AEsohylnm
1199 3073 1230 3130 in
1315 3102 1317 3110 ·

89 3145 212 3255 ,Tilffi
226 3153 298 3214 749.

112 3262 115 3267 Ι
179 3282 449 3361 immolandi-yantas
462 3283 584 3356 τλοῦτου,

117 3380 155 3491 qui
167 3415 286 3475 dubium
300 3415 387 3489 foret,
409 3435 468 3494 quo
482 3427 576 3475 metro
590 3426 677 3488 esset,
698 3414 753 3474 nisi
766 3415 887 3476 doceret
900 3414 1137 3496 antisuophicus,
1228 3460 1231 3467 -

180 3549 339 3620 πιλοῦσθαι,
351 3545 410 3621 μηδ’
420 3542 526 3609 deraldo
534 3551 654 3614 &sintit-

104 3648 107 3653 Ι
142 3678 171 3740 7.
200 3678 336 3753 Versum,
367 3680 418 3758 qui
441 3679 552 3760 syllaba
575 3680 690 3760 longior
713 3691 759 3741 ast
782 3677 946 3754 Phalaeceo,
974 3677 1064 3739 lrabet
1088 3677 1231 3739 Pindarus

105 3752 203 3819 Isthm.
217 3759 289 3822 VII.
303 3758 389 3841 epod.
398 3760 424 3820 1

177 3893 272 3974 pvgc'm
285 3890 377 3975 isaim
387 3893 409 3959 ie
421 3891 520 3976 ’Ἂςγος
535 3893 631 3954 i'aarass.

103 4020 143 4083 Et
161 4004 206 4083 sid
219 4022 287 4083 alibi
296 4023 359 4164 dlii
369 4043 448 4087 nunc
461 4024 608 4104 longiores
621 4043 702 4086 nunc
715 4023 863 4086 breviores
876 4024 1063 4087 inveniuntur
1075 4024 1233 4105 logaoedici

89 4122 201 4181 ,aversus
216 4124 283 4168 cum
317 4123 369 4165 881.
495 4127 501 4139 ·
1216 4123 1218 4126 ’

626 4220 697 4300 Ga
