2694 4866
325 255 327 259 ⁷
362 231 419 290 DE
443 228 647 292 VERSIBUS
669 226 953 292 DOCHMIACIS.
1160 241 1218 300 tou

172 400 417 483 vam‘fflw'blgse
431 406 479 462 suis
492 405 632 474 neir'fim

89 517 152 580 Sed
161 517 344 578 fluctusthic
354 515 452 587 lectio,
463 515 526 576 aliis
534 515 615 576 libris
624 518 670 576 sals
682 519 728 575 cels
738 520 799 588 γαῖν,
810 512 873 573 aliis
882 521 933 589 eii
943 520 1000 577 ner
1012 515 1219 597 prebentibus.

93 599 184 668 Quod
197 600 221 658 si
233 600 299 658 haec
312 607 394 658 recte
408 597 626 678 disputavimus,
650 595 736 655 valde
758 596 847 656 dubia
860 597 916 656 erit
936 598 1094 658 Bacchiaci
1107 600 1221 660 numeri

94 701 163 742 cunr
176 679 320 740 dochmiis
334 680 520 739 consociatio.
549 678 625 737 Nam
639 677 663 736 si
678 697 723 737 res
738 696 774 738 eo
788 677 875 750 redit,
886 689 988 738 utnon
1001 680 1057 738 nisi
1070 690 1220 741 monome·

92 774 139 824 ter
153 761 334 823 Bacchiacus
347 760 503 841 aliquando
516 758 694 820 dochmiacis
708 758 824 819 additus
838 759 1009 839 reperiatur,
1019 780 1080 820 non
1089 761 1121 821 id
1133 782 1222 842 prop·

93 855 141 906 ter
154 843 360 922 cognationem
374 843 529 922 quamdam
542 842 647 900 horum
667 859 866 925 numerorum,
881 840 939 913 ‚sed
963 853 1082 922 propter
1095 842 1223 922 singula-

93 946 158 987 rem
171 925 230 984 vim
243 923 406 996 sententie,
419 924 499 983 bunc
509 921 564 982 sibi
577 932 731 981 numerum
744 920 931 1002 postulantis,
949 920 1061 987 fuctum
1074 924 1223 989 existima·

95 1008 205 1080 bimus,
225 1006 317 1084 qualis
337 1004 386 1064 ille
406 1004 488 1064 locus
508 1014 563 1078 est,
587 1021 675 1082 quem
694 1022 733 1062 ex
755 1003 856 1073 Rlieso
875 998 1089 1084 adscripsimus.
1128 1004 1226 1085 idque

94 1100 179 1150 tanto
193 1086 370 1168 probabilius
384 1086 538 1154 videbitur,
564 1085 644 1164 quod
667 1096 851 1145 monometer
864 1084 1045 1146 Bacchiacus
1059 1087 1147 1146 etiam
1161 1084 1225 1146 aliis
1285 1155 1288 1161 ¹

95 1168 233 1239 numeris,
249 1180 282 1228 ut
295 1168 424 1248 iambicis
439 1167 586 1239 trimetris,
606 1167 637 1224 in
651 1166 736 1224 simili
749 1182 855 1227 caussa
867 1167 1013 1228 inseritur.
1053 1168 1134 1234 Quin
1146 1169 1225 1247 ipsos

96 1249 284 1312 dochmiacos
295 1247 424 1308 Bacchio
435 1247 573 1308 concludi
584 1248 614 1305 in
630 1247 711 1326 Sept.
725 1248 763 1307 ad
778 1248 874 1309 Theb.
888 1255 938 1311 90.
952 1268 1040 1328 supra
1051 1248 1224 1309 adnotatum

95 1345 149 1394 est.
193 1330 337 1402 Accedit,
347 1330 426 1410 quod
441 1329 623 1390 Bacchiacus
636 1348 785 1402 numerus,
799 1330 855 1389 nisi
868 1330 963 1402 fallor,
976 1331 1039 1409 ipsa
1051 1342 1156 1389 natura
1169 1349 1224 1389 sua

94 1415 136 1475 ita
146 1411 345 1473 adochmieco
353 1412 483 1470 diversus
491 1422 546 1482 est,
557 1423 591 1470 ut
601 1411 816 1490 quodammodo
826 1429 957 1490 pugnare
966 1431 1033 1470 cum
1039 1431 1075 1471 eo
1083 1410 1226 1476 videatur.

96 1494 185 1562 Quod
200 1493 250 1572 qui
263 1493 342 1552 facto
356 1511 535 1570 cognoscere
548 1493 641 1563 volet,
652 1491 677 1550 is
690 1492 769 1570 legat
784 1493 870 1551 velim
884 1510 1002 1567 carmen
1016 1492 1088 1552 illud
1102 1493 1132 1550 in
1148 1494 1222 1570 Sep-

97 1588 159 1637 tem
179 1575 218 1634 ad
239 1574 367 1646 Thebas,
388 1574 466 1634 unde
486 1574 585 1653 paullo
605 1585 674 1633 ante
695 1592 795 1633 versus
815 1572 955 1652 quosdam
978 1574 1082 1634 attuli:
1105 1575 1137 1633 in
1165 1593 1225 1652 quo

93 1677 185 1739 quum
199 1655 308 1733 ubique
322 1654 524 1715 dochmiacum
538 1668 692 1714 numerum
705 1655 848 1715 dominari
860 1654 982 1726 videbit,
996 1655 1093 1715 statim
1106 1657 1225 1727 sentiet,

92 1739 234 1799 siversus
246 1737 327 1809 istos,
341 1754 414 1816 quos
428 1735 500 1808 dixi,
525 1735 691 1796 Bacchla'co
714 1756 838 1796 numero
852 1737 917 1816 quis
930 1737 1048 1810 recitet,
1060 1756 1120 1796 non
1133 1737 1223 1818 modo

93 1818 203 1881 mutari
216 1829 338 1897 repente
351 1818 478 1877 indolem
491 1836 690 1892 numerorum,
704 1819 757 1878 sed
770 1818 859 1878 etism
872 1819 1021 1877 dissonum
1040 1818 1112 1898 quid
1131 1829 1164 1878 et
1177 1837 1223 1877 re·

92 1899 607 1982 pugnansexeamutationenasci.
991 1948 995 1955 .
1188 1934 1192 1939 -

134 1988 185 2045 30.
207 1981 303 2041 Venio
317 1981 355 2040 ad
369 1980 609 2061 Creticos,·quod
622 2001 715 2060 genus
728 1981 885 2061 sepissime
908 2000 976 2040 cum
996 1979 1139 2041 dochmiis
1153 1998 1223 2039 oon·

90 2065 229 2142 junctum
249 2063 402 2134 invenitur,
425 2082 505 2122 nunc
526 2074 559 2122 ut
578 2062 736 2142 praec'edat,
757 2082 837 2122 nunc
858 2073 891 2121 ut
911 2073 1061 2142 sequatur,
1088 2081 1168 2120 nunc
1188 2072 1223 2120 ut

92 2145 224 2204 medium
237 2135 275 2204 sit
287 2144 368 2204 iuter
377 2144 538 2205 doclrmios.
578 2145 620 2204 Et
632 2144 726 2225 primo
740 2163 816 2204 uuus
829 2143 964 2204 Creticus
978 2162 1015 2204 an
1030 2142 1224 2222 praemittetur

94 2225 283 2286 dochmiisin
303 2227 366 2304 ipso
387 2227 524 2286 murinis
541 2225 634 2300 initio,
659 2245 718 2285 non
739 2226 831 2285 ausim
851 2245 931 2285 nunc
951 2224 1069 2305 quidem
1089 2223 1222 2295 definire,
1277 2231 1279 2236 '

96 2326 196 2387 quum,
211 2326 277 2386 quae
291 2307 427 2384 exempla
439 2309 477 2368 ad
489 2326 609 2368 manum
628 2308 732 2380 habeo,
754 2307 785 2366 in
805 2307 840 2367 iis
857 2307 931 2368 alius
950 2326 1051 2367 versus
1063 2305 1223 2387 precedet,

97 2400 130 2448 ut
143 2389 173 2448 in
188 2389 283 2450 Herc.
293 2389 351 2448 fur.
365 2394 435 2453 895.
699 2418 702 2423 ·
866 2422 869 2430 ·
1109 2420 1113 2431 ·
1139 2420 1154 2431 ··
1170 2424 1173 2431 ·
1197 2422 1200 2429 ·

89 2557 96 2577 ,
175 2507 260 2586 φυγῇ,
275 2505 350 2577 sisr’,
365 2506 492 2589 ἰξοςμὶῖτί·
514 2503 581 2566 Μὶν
593 2505 659 2578 eiii,

258 2583 325 2646 lodi·
338 2587 412 2664 μέλος
427 2588 587 2648 inunivers-
963 2678 967 2685 ς
1292 2660 1295 2666 .

103 2696 162 2756 Sed
174 2698 262 2758 etiam
272 2699 302 2757 in
319 2700 392 2759 Ione
406 2704 476 2765 764.
518 2702 642 2772 Caetera,
657 2720 722 2780 qnae
738 2698 886 2762 Seidlerus
899 2721 928 2780 p.
947 2692 1013 2762 lte.
1027 2716 1109 2779 seqq.
1123 2715 1224 2760 exem·

102 2777 149 2856 pla
160 2779 268 2852 attulit,
290 2779 386 2840 omnia
405 2781 534 2840 medium
547 2783 657 2842 habent
670 2784 746 2842 inter
758 2783 831 2842 duos
845 2782 996 2842 dochmios
1010 2781 1183 2853 Creticum,¹
1192 2789 1223 2839 et

99 2858 269 3006 i51quuidem
283 2872 316 2920 ut
329 2862 421 2940 magis
435 2882 503 2922 cum
517 2864 702 2943 precedente
713 2865 861 2927 coherere
875 2864 1017 2937 videatur,
1033 2862 1108 2923 utin
1123 2862 1221 2922 Prom.

174 3055 228 3120 ris-o
240 3055 267 3118 >i
279 3057 453 3140 engleterre
467 3065 552 3133 ὄτοβιῖ
560 3058 633 3135 limi
648 3061 743 3141 οἰκίας

176 3137 312 3200 medieas
327 3141 404 3218 νέμον.
931 3200 933 3204 .

100 3249 134 3309 In
146 3250 204 3312 fine
219 3253 353 3314 Creticus
366 3255 508 3317 dochmiis
521 3256 675 3337 subjicitur
688 3258 719 3317 iu
742 3259 823 3338 Sept.
838 3254 875 3317 ad
884 3254 947 3316 Ἧι.
969 3256 1018 3319 95.
1130 3252 1132 3259 ’

175 3386 274 3469 vierge
285 3385 339 3452 δῆτ’
360 3388 407 3462 iad
427 3388 560 3451 victrice
572 3391 647 3473 βςίτη
660 3390 796 3469 hmines,
1029 3444 1032 3451 .

96 3494 121 3554 si
132 3499 249 3576 quidem
261 3500 311 3561 hic
323 3501 405 3562 locus
418 3502 741 3566 nilriluitiicuntrattit.·
768 3504 828 3565 Sed
841 3521 930 3585 quem
945 3501 1092 3567 Seidlerus
1105 3523 1134 3582 p.
1150 3507 1221 3566 165.

99 3574 167 3639 buic
179 3581 359 3662 strophicum
373 3584 482 3663 adjicit,
504 3604 572 3645 eum
596 3606 615 3646 a
637 3607 685 3647 me
708 3606 768 3646 non
788 3585 920 3666 agnosci,
944 3603 1034 3664 quum
1048 3585 1103 3644 ista
1116 3603 1223 3663 negem

98 3661 309 3752 antistrophica
336 3683 409 3740 esse,
424 3685 544 3745 monere
557 3667 607 3726 vix
630 3687 703 3748 opus
727 3663 782 3751 est.
811 3666 915 3727 Aliud
935 3662 1103 3747 exemplum
1127 3677 1228 3725 exstat

96 3755 127 3799 nr
146 3742 280 3824 AEscbyli
294 3745 395 3826 Suppl.
408 3752 479 3811 855.
494 3752 564 3814 867.
578 3750 632 3809 etsi
646 3744 996 3829 utrobique'corruptum.
1036 3749 1085 3807 De
1098 3762 1221 3808 numero

98 3818 183 3904 bnjus
204 3825 314 3885 Cretici
334 3828 502 3908 priusquam
523 3830 662 3906 dicemus,
684 3832 821 3912 exempla
840 3842 871 3893 et
892 3830 1078 3892 Creticorur'n
1097 3829 1162 3898 alia,
1192 3840 1223 3888 et

96 3920 233 3982 paeonum
246 3911 544 3972 commemorabimus.
606 3970 610 3988 ,
751 3972 754 3979 .
798 3952 801 3959 ·
962 3952 967 3977 z
1036 3964 1040 3975 ,
1099 3982 1103 3986 ,
1138 3982 1141 3987 ,
1179 3979 1182 3983 ,

133 3992 184 4061 31.
207 3987 279 4048 Duo
294 3990 403 4051 Cretici
417 4012 476 4052 non
490 3993 585 4052 minus
597 4012 675 4073 saepe
684 3992 886 4058 'admiscentur
906 3991 1059 4065 dochmiis,
1078 3990 1221 4052 rarius'in

94 4067 247 4150 principio,
261 4081 295 4130 ut
306 4071 338 4129 'in
352 4073 445 4134 Herc.
465 4074 522 4134 fur.
545 4078 615 4139 742.
629 4079 698 4142 757.

169 4199 302 4276 metatui
316 4185 427 4279 liturgiis
439 4195 527 4259 ilorci
540 4199 682 4271 enasse-e

169 4279 209 4341 τίς
223 4278 235 4336 e‘
249 4277 320 4345 treis
335 4280 428 4360 ἇνομίᾳ
440 4283 556 4364 metiret,
572 4284 657 4349 densis
670 4281 717 4343 iia·

636 4400 663 4459 Y
