2694 4866
201 243 260 306 DE
274 239 469 306 IAMBICIS
485 237 723 302 TRIMETRIS
738 238 1049 305 ACATALECTIS.
1150 249 1192 314 79

89 427 191 489 sserat,
206 416 236 474 in
251 415 453 494 supplemento
467 433 497 491 p.
509 417 560 474 59.
573 411 660 471 aliam
673 411 826 490 proposuit
835 414 1059 486 correctionem,
1073 415 1112 475 ad
1122 436 1187 478 sen·

89 521 123 557 m
138 498 331 568 commodam,
353 496 405 554 sed
419 493 649 573 transpositionis
671 491 896 567 audaciafines,
917 516 990 576 quos
1012 509 1109 558 certos
1132 501 1191 562 hoc

89 600 154 640 snus
167 581 266 649 habet,
278 577 489 657 egredientem.
531 576 562 635 Si
577 575 708 634 Turnebi
721 575 810 634 lectio
824 595 883 634 non
897 588 942 636 est
955 597 1034 652 vera,
1048 580 1128 640 aliud
1141 582 1190 642 hic

90 663 163 722 tium
187 663 279 721 lateat
292 679 412 719 necesse
427 673 481 717 est.
524 656 598 723 cod.
620 657 720 716 Guelf.
743 655 876 740 &tigata
889 661 1004 732 νάπαι.
1046 664 1192 729 Quartum

89 765 177 804 arsum
197 743 276 803 idem
291 743 437 802 Porsonus
451 740 480 797 in
496 738 650 798 Addendis
671 737 709 797 ad
732 738 810 798 Hec.
833 760 864 818 p.
879 746 927 801 80.
947 740 1086 802 audacius
1100 745 1192 804 refor-

90 827 160 897 avit,
175 846 266 904 quum
280 823 373 883 lenius
386 832 484 901 posset
498 826 542 883 ui
555 823 608 892 tls
619 828 648 882 ri
662 821 759 881 Mirm
766 820 905 894 scribere,
915 822 1056 882 indicium
1065 826 1193 887 faciente

89 908 218 966 ustatbio
233 905 271 964 ad
285 905 410 984 Dionys.
424 904 540 981 Perieg.
554 908 625 966 791.
662 890 703 960 lu
715 913 802 961 sexto
816 902 973 963 delendum
993 905 1109 965 videtur
1128 912 1191 992 pig.

89 1011 98 1047 r
120 1000 269 1068 postremo
293 987 431 1066 denique,
455 984 507 1064 qui
530 984 699 1043 nonhabet
721 985 1028 1063 antistrophicum,ita
1051 989 1191 1050 molestus

89 1070 260 1130 testiculus
275 1080 343 1128 ante
359 1068 481 1139 Πενθέως,
501 1077 535 1126 ut
548 1085 616 1126 eum
630 1076 681 1125 aut
694 1065 732 1125 ab
745 1065 905 1146 interprete
918 1066 1075 1144 adjectum,
1090 1072 1193 1132 autad

89 1165 239 1212 ostremam
250 1151 390 1230 syllabam
400 1148 480 1218 vocis
495 1148 607 1222 ἐιγινίτι
621 1167 805 1208 communem
816 1149 936 1226 genitivi
949 1150 1071 1209 formam
1085 1180 1129 1214 m
1140 1155 1192 1213 ad.

89 1235 202 1313 uiptam
223 1233 313 1292 fuisse
337 1242 447 1310 putem.
488 1230 598 1290 Deleto
620 1228 746 1289 articulo
769 1249 869 1290 versus
892 1249 932 1290 ex
945 1231 1070 1292 iambico
1090 1253 1192 1296 mono·

89 1313 412 1394 retrobypercatalecto
433 1323 464 1372 et
483 1312 621 1371 dochmio
635 1311 790 1371 constabit.
831 1313 978 1374 Caeterum
992 1332 1052 1374 non
1075 1315 1191 1393 ignoro,

89 1417 136 1471 se,
152 1398 201 1477 qui
216 1396 290 1456 duos
302 1414 413 1463 versus,
429 1413 502 1474 quos
515 1413 555 1453 ex
570 1392 666 1453 Persis
676 1393 836 1465 attulimus,
848 1393 1049 1473 antispasticos
1062 1414 1126 1456 esse
1139 1419 1193 1477 pu·

89 1490 136 1538 eut.
179 1481 223 1539 At
233 1478 307 1538 tales
321 1476 522 1555 antispasticos
536 1495 592 1535 nec
606 1474 676 1535 facit
691 1474 766 1534 ullus
780 1479 878 1553 poeta,
900 1495 955 1534 nec
975 1476 1073 1536 facere
1087 1481 1194 1557 potuit.

99 1568 153 1624 15.
172 1561 261 1627 Quod
282 1560 312 1618 in
332 1557 488 1619 trochaicis
507 1557 637 1617 versibus
650 1557 861 1627 adnotavimus,
884 1557 952 1617 inde
965 1558 1002 1616 ab
1017 1560 1194 1639 Olympiade

89 1641 234 1704 XXXIX.
254 1640 401 1718 corrumpi
414 1639 588 1718 gravitatem
601 1657 790 1698 numerorum
804 1640 937 1718 coepisse,
959 1639 1038 1699 idem
1051 1641 1140 1701 etiam
1160 1643 1192 1702 in

89 1724 200 1785 imetris
213 1725 324 1783 factum
336 1720 602 1789 animadvertimus,
616 1721 666 1798 qui
680 1738 720 1780 ex
732 1719 782 1779 illo
794 1731 926 1800 tempore
940 1722 1032 1798 magis
1042 1723 1194 1802 magisque
1271 1798 1272 1801 Ἴ

89 1805 232 1885 [satyrici
245 1823 345 1864 versus
368 1802 516 1863 levitatem
530 1801 716 1860 inclinarunt.
758 1803 807 1863 De
821 1822 878 1880 qua
898 1821 931 1861 re
944 1804 1037 1880 primo
1052 1805 1194 1866 indicium

91 1890 119 1947 ci
127 1890 159 1946 in
169 1885 372 1946 dissertatione
385 1883 602 1945 observationes
614 1881 755 1961 qumdam
765 1883 802 1942 de
813 1883 921 1962 linguae
935 1885 1050 1944 Graecae
1062 1886 1195 1948 dialectis

89 1968 241 2040 retinente,
256 1987 323 2048 quae
336 1966 416 2025 edita
428 1977 473 2026 est
486 1984 513 2026 a.
533 1983 743 2029 crorocccvrr.
783 1964 825 2024 Et
837 1984 897 2045 quo
911 1967 1057 2026 recentior
1070 1988 1195 2048 quaque

89 2050 209 2130 agoedia
222 2062 277 2122 est,
291 2059 375 2108 tanto
388 2047 617 2126 frequentiorem
640 2047 670 2105 in
693 2066 731 2105 ea
750 2047 904 2124 longarum
924 2047 1100 2125 syllabarum
1113 2053 1193 2110 solu-

89 2153 173 2197 onem
190 2129 512 2211 deprehenderelicet.
551 2131 618 2196 Qua
638 2129 668 2186 in
689 2147 721 2188 re
740 2128 799 2187 hoc
819 2128 969 2206 inprimis
989 2131 1118 2190 notabile
1138 2144 1194 2204 est,

89 2215 142 2275 rod
163 2215 251 2273 etiam
272 2212 426 2290 bisyllabas
446 2231 534 2271 uoces
554 2210 615 2271 ictu
636 2210 666 2268 in
686 2209 810 2290 primam
829 2210 968 2289 syllabam
987 2210 1136 2272 incidente
1156 2215 1196 2272 ad
1283 2217 1286 2222 ’

89 2295 236 2355 »lationem
250 2294 456 2366 adhibuerunt,
470 2292 549 2372 quod
562 2291 593 2350 in
606 2291 816 2369 antiquioribus
836 2291 986 2371 tragoediis
1000 2313 1061 2353 non
1076 2305 1122 2354 est
1133 2294 1195 2355 fao·

89 2397 137 2451 rm,
158 2376 214 2436 nisi
234 2377 265 2435 in
284 2375 414 2434 formulis
435 2374 608 2454 quibusdam
628 2373 851 2446 inevitabilibus,
880 2385 914 2434 ut
933 2373 976 2435 inl
995 2377 1094 2454 μάχης,
1122 2382 1195 2439 κατὰ

89 2487 142 2536 μοι,
158 2464 216 2542 mg)
230 2459 305 2530 aetra
347 2457 449 2516 Talem
464 2455 541 2515 enim
554 2470 680 2530 versum,
695 2452 788 2534 qualis
800 2454 830 2514 hi
845 2445 956 2516 suntin
969 2456 1095 2538 prologo
1109 2458 1199 2519 Ores-

89 2558 114 2600 ,4
267 2557 268 2560 =
363 2576 365 2580 Α

141 2672 160 2744 ii
173 2672 243 2733 arian
258 2672 348 2754 riaru'gqs
359 2671 524 2773 argrssaao'dr'
539 2671 684 2750 ὑφάσματι,

143 2759 172 2816 oa'
184 2753 274 2813 arrhis·
295 2755 398 2814 idro'da
419 2754 516 2828 ἀσαφὲς
530 2754 551 2813 ir
564 2758 639 2833 κοινᾷ
647 2760 756 2825 σκοπεῖν,

89 2887 216 2967 ntiquior
229 2885 374 2965 tragoedia
387 2904 504 2964 pmrsus
518 2884 702 2964 improbavit,
717 2885 786 2959 nisi,
800 2896 834 2946 ut
847 2905 935 2967 supra
947 2886 1148 2962 indicavimus,
1162 2888 1194 2950 in

89 2971 178 3028 delicis
201 2969 345 3048 partibus,
371 2968 401 3025 in
426 2968 532 3046 quibus
545 2963 717 3028 lmodulatio
743 2980 846 3028 cantus
860 2969 929 3029 talia
948 2970 1064 3030 videtur
1077 2970 1193 3032 leniisse

89 3052 173 3131 taque
186 3070 245 3111 non
260 3061 333 3130 puto
346 3049 494 3129 scripsisse
507 3048 682 3128 AEschylum
696 3049 727 3108 in
742 3050 844 3130 Suppl.
858 3053 929 3115 267.
941 3055 1012 3115 525.

143 3195 224 3270 ὑγςᾶς
237 3185 383 3254 inarime·
403 3184 477 3246 raris
489 3190 557 3246 aar>
570 3183 632 3247 aride
644 3191 741 3269 agarai·

144 3271 209 3335 ἀλλ’
224 3269 280 3330 odra
293 3267 365 3350 >agir
378 3268 464 3351 miros
477 3267 590 3351 igqariru
604 3271 699 3350 tarde.
736 3330 741 3339 ¹

89 3399 176 3460 lontra
198 3400 281 3459 illum
301 3401 429 3480 politam,
451 3399 501 3479 qui
522 3396 655 3486 Rhepum
673 3398 755 3472 fecit,
777 3419 865 3478 quem
886 3400 1027 3481 Euripide
1046 3405 1194 3484 aliquanto

89 3483 259 3543 ecentior‘em
273 3501 336 3542 esse
350 3502 412 3548 non.
432 3481 554 3555 dubium
574 3493 629 3551 est,
651 3481 798 3541 trimetros
811 3481 917 3543 fecisse
930 3483 1062 3545 videmus
1074 3488 1192 3564 elegen.

89 3562 201 3637 issimos,
220 3564 366 3644 planeque
385 3565 422 3623 ab
443 3564 499 3627 ista
517 3561 697 3641 negligentia
715 3582 817 3641 puros.
856 3563 905 3620 Ex
925 3583 984 3641 quo
1005 3566 1075 3623 mihi
1094 3567 1195 3627 videor

89 3664 130 3706 ure
141 3647 290 3726 colligere,
314 3665 455 3721 nonaum
473 3664 513 3703 ex
526 3644 737 3703 recentioribus
759 3644 814 3701 illis
830 3645 1053 3704 Atheniensium
1074 3648 1193 3726 tragicis

89 3746 138 3799 sse,
151 3728 204 3788 sed
217 3728 311 3787 multo
325 3739 392 3808 post
404 3726 521 3798 vixisse,
542 3744 633 3804 quum
649 3725 853 3798 Alexandrini,
874 3737 908 3784 ut
924 3726 1073 3788 Sositheus
1087 3740 1117 3789 et
1132 3729 1193 3809 Ly·
1234 3749 1237 3756 ·

89 3809 202 3888 ephron,
223 3810 394 3871 Atticorum
418 3807 602 3888 tragoediam,
630 3809 821 3886 grammatica
840 3807 1001 3870 subtilitate
1019 3810 1188 3884 limatIores,

89 3910 149 3951 uam
169 3888 291 3973 fecundi
311 3884 446 3953 ubertate
465 3889 592 3971 politica,
613 3888 721 3948 imitari
741 3901 830 3970 atque
850 3909 889 3951 ex
910 3891 1054 3952 oblivione
1067 3892 1191 3956 resusci-

89 3991 131 4035 are
151 3984 338 4051 conarentur.
461 4020 485 4031 .·
764 4035 768 4042 .

102 4061 149 4119 16.
168 4055 254 4117 Alias
274 4054 502 4126 obseruationes,
527 4052 633 4133 quibus
657 4052 761 4132 tragici
782 4053 906 4113 trimetri
926 4055 1098 4133 compositio
1113 4059 1192 4120 illus·

89 4150 166 4211 atur,
185 4139 247 4217 iam
266 4157 356 4220 supra
367 4137 517 4199 attulimus
530 4135 581 4196 lib.
595 4136 622 4195 1.
636 4155 700 4215 cap.
716 4141 765 4208 10,
787 4141 818 4201 1.
831 4139 860 4200 7.
876 4140 924 4196 11.
942 4139 988 4196 ta.
1013 4142 1063 4200 21.
1085 4153 1118 4200 ut
1143 4162 1193 4203 eas

89 4238 121 4280 on
135 4238 211 4301 opus
225 4219 264 4278 sit
276 4216 326 4280 hio
340 4219 441 4300 repeti.
483 4216 641 4279 Desolata
655 4217 757 4296 quinta
769 4218 826 4276 arsi
839 4219 917 4296 apud
938 4220 1064 4298 tragicos
1085 4224 1194 4300 pariter

90 4323 148 4384 que
161 4301 243 4382 apud
257 4302 386 4364 comicos
400 4299 557 4381 disputavit
573 4299 720 4362 Seidlerus
733 4300 764 4375 ip
777 4300 851 4361 libro
866 4300 904 4366 de
923 4321 1012 4364 veras.
1033 4303 1149 4365 dochm.
1163 4327 1192 4385 p.
