2694 4866
88 277 149 336 219
456 272 537 332 LIB.
551 272 593 332 ll.
609 271 702 334 csP.
716 270 833 411 XXVI

98 510 100 515 Ι
169 469 204 522 ορ
216 441 264 519 μὶν
275 439 340 502 rivin
352 445 438 524 χιιςῧν
451 439 539 516 ἴφνγιν
553 441 702 514 rariorum
705 445 828 550 ipsuis

168 522 353 602 semipane,
363 530 471 589 -οηλον
484 522 511 584 ll
522 551 568 604 μιῃ
558 521 712 590 wilram
701 526 745 599 οφ
758 525 836 607 iperi

87 637 227 718 Virgilius
241 637 352 718 Georg.
366 637 410 699 11.
426 644 496 704 296.

159 768 214 813 tam
226 748 309 813 Iortes
320 754 375 813 late
385 773 473 813 ramos
486 766 514 813 et
526 757 634 812 brachia
646 757 760 814 tendens

157 828 211 884 hnc
222 827 318 896 11111,-
328 828 415 884 medis
427 828 485 900 ipsa
495 824 629 900 ingentem
642 829 755 884 sustinet
766 829 894 883 umbram.

128 938 159 994 8.
179 930 292 993 Sexta
284 953 313 990 rn
328 933 386 992 fine
400 933 537 992 secundae
551 934 678 992 theseos.
718 931 858 1010 Virgilius
873 931 984 1011 Georg.
988 927 1057 993 '111.
1071 937 1128 996 99.

156 1061 189 1105 ut
199 1051 353 1124 quondam
345 1069 373 1104 111
386 1049 490 1120 stipulis
502 1069 611 1121 magnus
623 1050 681 1105 sine
692 1048 810 1105 viribus
802 1049 873 1120 rgnIs

155 1122 287 1177 incassum
300 1121 405 1176 furit·-
390 1139 478 1192 -ergo
490 1122 593 1177 animos
605 1138 744 1193 aevumque
756 1121 869 1176 notabis.

124 1233 152 1290 9.
176 1211 315 1304 Septima,
331 1246 417 1305 quam
432 1216 600 1310 xrrssppagi
614 1237 732 1299 vocant,
747 1224 777 1284 111
791 1225 879 1286 tertia
891 1223 948 1285 arsi
962 1235 1022 1286 estr

158 1340 293 1399 fortunam
305 1338 403 1398 Priami
412 1346 551 1399 -cautabo
564 1354 592 1400 et
604 1343 693 1399 nobile
704 1342 813 1399 bellum.

85 1443 177 1509 Hanc
187 1464 274 1525 supra
289 1448 467 1506 ostendimus
483 1448 629 1526 propriam
644 1467 708 1506 esse
722 1466 822 1507 versus
835 1445 947 1506 heroici
960 1465 1114 1519 casuram,
1128 1463 1216 1526 eaque

5 1533 8 1538 '
85 1527 156 1587 inde
170 1527 206 1586 ab
222 1528 354 1586 Homero
369 1528 446 1606 apud
461 1528 559 1606 epicos
573 1529 681 1607 pariter
701 1547 737 1588 ac
758 1540 891 1601 caeteros,
912 1528 961 1606 qni
982 1527 1158 1588 hexametro
1177 1527 1217 1586 mi

85 1619 166 1680 sunt,
180 1607 311 1686 legitima
324 1609 424 1668 habita
437 1620 490 1669 est.
532 1608 626 1687 quue
641 1609 670 1667 in
689 1620 788 1668 mente
808 1609 944 1668 habuisse
964 1620 1038 1688 puto
1061 1609 1215 1669 Varronem

85 1689 166 1769 apud
180 1689 310 1754 Gellium
324 1690 442 1750 XVIII.
460 1695 509 1752 15.
524 1710 613 1769 quum
628 1689 712 1759 dixit,
729 1690 896 1750 omnimodo
913 1690 943 1747 in
957 1689 1217 1770 quintosemipede

87 1770 209 1830 verbum
229 1771 391 1832 terminari:
412 1791 502 1851 quare
522 1771 628 1848 injuria
647 1772 839 1850 reprehensus
861 1771 911 1830 ille
936 1781 980 1829 est
1004 1790 1023 1830 a
1047 1773 1169 1832 Mureto
1189 1772 1218 1830 in

85 1851 157 1911 Var.
178 1852 259 1914 lectt.
279 1853 333 1911 Xl.
352 1858 382 1914 6.
396 1866 426 1911 et
440 1873 457 1911 a
472 1853 607 1913 Bentleio
627 1853 657 1909 in
678 1853 881 1912 dissertatione
902 1852 943 1911 de>
959 1852 1062 1912 metris
1082 1853 1217 1914 Terentii.

86 1933 178 2000 Quod
197 1934 291 1992 sicubi
313 1932 472 2012 negligitur
495 1933 560 1992 haec
583 1952 706 2006 caesura,
725 1933 861 1993 substitui
882 1934 912 1993 ei
930 1951 1053 1993 necesse
1072 1947 1120 1993 est
1139 1935 1217 1995 aliam

87 2033 199 2086 earum,
214 2035 280 2092 quae
294 2035 409 2074 versum
423 2027 491 2094 apte
508 2015 538 2072 in
559 2014 634 2072 duas
651 2026 748 2094 partes
768 2014 914 2086 dirimant.
956 2016 1014 2074 llae
1035 2025 1107 2074 sunt
1126 2028 1215 2076 auteur

87 2096 260 2175 plerumque
282 2110 394 2168 octava,
415 2096 507 2156 rarius
527 2095 651 2168 decima,
673 2115 791 2174 perraro
813 2096 996 2156 duodecima.
1037 2097 1117 2156 Nam
1138 2098 1219 2158 etiam

86 2178 140 2236 ubi
154 2179 250 2256 potior
265 2197 376 2237 caesura
389 2197 448 2237 non
461 2177 518 2238 fit
510 2198 539 2234 m
561 2178 648 2237 tertio
668 2177 753 2256 pede,
776 2188 873 2237 tamen
894 2177 990 2237 curari
1010 2178 1097 2249 solet,
1119 2198 1156 2238 ne
1174 2179 1216 2236 ille

87 2261 151 2319 sine
165 2260 245 2318 omni
258 2259 399 2322 incisione
413 2260 461 2332 sit,
476 2259 544 2340 quia
557 2260 599 2318 sic
614 2259 743 2352 asperior
756 2259 798 2317 lit
804 2277 953 2330 numerus,
967 2271 998 2318 et
1012 2277 1125 2319 exuere
1144 2259 1215 2318 vide-
1256 2292 1258 2337 i

88 2351 138 2400 tur
151 2355 285 2400 naturam
299 2360 399 2399 versus
423 2340 542 2400 heroici.
584 2341 698 2400 Octava
721 2340 811 2419 igitur
832 2358 942 2407 coesura
962 2341 1094 2400 omnium
1113 2339 1219 2422 aptissi-
1255 2368 1258 2419 Ι

1 2426 17 2494 j
88 2441 137 2480 ma
150 2433 205 2493 est,
220 2441 285 2499 quae
298 2423 424 2500 propriae
438 2422 537 2481 locum
552 2432 662 2494 teneat,

168 2536 249 2619 illigas
261 2565 305 2614 μοι
318 2537 405 2610 imm,
420 2549 523 2610 Μοῢοοο,
532 2575 553 2586 -
564 2540 732 2622 πολύτροπον,
747 2537 772 2607 l,
786 2539 865 2617 μοῖλο
879 2537 980 2600 πολλοί.

47 2646 51 2650 ’
87 2650 215 2713 Decima
228 2652 293 2711 talis
307 2664 361 2725 est,
377 2665 409 2713 ut
423 2655 501 2734 apud
516 2655 665 2714 Catullum
679 2655 709 2712 in
725 2653 854 2734 Epithal.
870 2653 963 2714 Pelei.
976 2673 1004 2714 v.
1020 2658 1091 2716 139.

158 2774 329 2840 Eumenides,
340 2774 432 2847 quibus
444 2773 603 2845 angirineo-
611 2775 734 2829 redimita
746 2775 851 2845 capillo.

40 2946 43 2953 p
90 2880 137 2939 Ea
149 2880 207 2938 hoc
221 2880 251 2935 in
265 2899 360 2949 versu,
375 2890 406 2936 et
419 2878 512 2936 simile
527 2878 597 2955 quid
611 2878 640 2934 in
655 2877 718 2937 aliis
732 2878 818 2954 hujus
832 2878 948 2956 generis
958 2877 1088 2957 versibus
1096 2876 1212 2938 animad-

1 3012 3 3015 ,
88 2960 163 3019 verti
179 2960 257 3026 licet,
273 2961 349 3017 hanc
363 2960 401 3017 ob
416 2977 546 3016 caussam
560 2959 656 3017 minus
670 2959 835 3018 offensionis
849 2959 948 3030 habet,
963 2959 1044 3037 quod
1060 2961 1157 3038 potior
1168 2977 1215 3019 ca·

88 3059 158 3100 sura
172 3052 216 3098 est
231 3041 260 3096 in
274 3040 403 3098 secunda
417 3039 485 3107 arsi,
500 3039 577 3099 unde
592 3060 692 3099 versus
707 3040 737 3098 in
752 3051 811 3099 tres
826 3038 942 3099 ordines
957 3040 1107 3114 dividitur,

162 3155 331 3238 Eumenides,
340 3186 359 3197 -
368 3154 461 3226 quibus
473 3154 605 3224 anguineo
614 3156 763 3210 -redimita
775 3156 880 3228 capillo.

21 3291 26 3302 ·
86 3259 277 3332 Duodecimn
289 3259 382 3317 minus
397 3269 481 3336 grata
493 3268 550 3329 est,
564 3269 594 3317 et
608 3260 822 3330 tantummodo,
837 3278 874 3318 ne
891 3277 992 3319 versus
1012 3258 1101 3336 plane
1121 3273 1211 3340 prm

89 3342 138 3416 sit,
153 3342 249 3413 efficit,
265 3353 297 3400 ut
311 3340 388 3419 apud
406 3340 577 3398 Lucretium
593 3341 650 3399 lll.
664 3346 735 3399 544.
749 3344 820 3401 611.
833 3345 904 3401 630.
922 3341 976 3399 lv.
995 3341 1066 3404 759.

127 3478 199 3517 an
211 3459 354 3513 contractis
365 3458 393 3511 in
406 3476 434 3512 se
447 3458 589 3528 partibus·
571 3460 775 3512 —ohbrutescat

164 3529 284 3585 dissolvi:
303 3530 407 3602 quod'
388 3547 409 3582 sr
421 3529 604 3582 immortalis-
613 3540 702 3583 nostra
714 3528 784 3583 foret
795 3546 878 3585 meas.

163 3603 201 3657 sic
213 3603 313 3656 animas
325 3602 557 3655 introduxerunt·
568 3601 688 3655 sensibus
700 3614 799 3655 auctas.

165 3691 213 3744 per
225 3674 362 3727 simulacra
370 3672 478 3726 leonum
492 3683 624 3736 caetera,-
603 3689 691 3743 -quae
704 3671 776 3725 videt
789 3689 873 3743 aeque.

1253 3744 1258 3767 1

94 3779 227 3843 Quorum
241 3797 376 3835 versuum
390 3778 535 3834 secundus
549 3776 668 3854 reliquis
689 3775 791 3834 melior
812 3787 866 3846 est,
888 3785 1008 3855 propter
1028 3731 1162 3837 eamdem
1178 3792 1216 3834 rs·

5 3893 8 3898 ‹
94 3859 216 3931 tionem,
232 3878 317 3936 quam
334 3857 531 3926 indicavimus,
549 3858 617 3936 quia
630 3876 669 3916 ex
689 3858 782 3917 tribus
803 3857 952 3917 ordinibus
973 3872 1121 3932 constans,
1142 3851 1217 3919 aliem

95 3941 237 4020 potiorem
254 3958 392 3998 caesuram
406 3937 505 3997 habet.

138 4027 183 4080 10.
206 4024 319 4079 Octava
334 4040 390 4079 caes
393 4038 453 4091 ura,
471 4038 557 4096 quam
579 4026 648 4080 nael
669 4024 748 4103 rethor
768 4028 885 4104 τροχαῖον
905 4023 1087 4101 grammatici
1108 4029 1214 4088 vomui,

94 4112 228 4178 utsupra
243 4101 353 4160 dietum
368 4112 422 4171 est,
437 4101 473 4158 ab
491 4100 607 4173 Nonno,
625 4113 655 4159 et
668 4123 717 4180 qur
711 4103 811 4162 hunc
824 4105 941 4184 sequuti
954 4117 1034 4180 sunt,
1048 4115 1081 4166 ut
1096 4103 1219 4186 legitim

19 4240 21 4249 ,
94 4196 261 4261 usurpatur.
306 4184 379 4242 Haec
394 4183 457 4240 talis
472 4192 526 4254 est,

168 4300 269 4372 Orphei
280 4301 454 4374 Colliopea,-
462 4301 532 4357 Lino
543 4299 674 4360 formosus
685 4301 796 4374 Apollo.
