2694 4866
109 293 177 351 no
268 339 274 350 .
415 338 420 347 ,
475 285 619 367 sinn.
642 280 874 380 csaxvnt
938 280 942 287 ·

110 474 203 551 regn.
220 461 266 518 ιι.
307 455 559 531 nesut.-v.s‚a.
577 459 622 522 n.
663 457 797 518 rnen.
813 459 884 528 1,9.
917 425 1248 550 profanasset·

109 556 141 595 ιιι
157 535 301 615 Adelphis
315 539 373 600 ΙΙΙ.
387 545 417 612 2,
440 544 487 602 15.
501 558 560 599 non
580 557 654 620 opus
673 550 737 600 erat
756 536 916 599 clausulam
936 544 1086 608 consutor,
1105 552 1132 594 tu
1144 534 1232 609 addito

27 620 28 629 ’
111 639 164 699 ego
178 619 364 693 scriberetur,

184 738 247 792 sstls
258 738 295 792 mi
305 738 334 793 id
346 739 456 804 habeam
469 737 589 811 sdpplici,
603 738 668 805 dum
678 755 728 809 ego
738 737 801 792 illos
812 734 924 792 ulciscis·
930 735 1020 791 modo.

116 840 254 901 Similiter
268 842 298 901 in
313 842 458 906 Eunucho
473 842 516 903 11.
530 847 559 913 3,
576 846 624 902 28.
637 842 726 901 verba
733 840 797 920 flos
811 837 880 920 ipse,
901 857 966 919 quae
975 834 1235 916 ‚Bentleiuaejscit
1269 828 1273 893 l

114 922 224 982 inserto
238 944 313 984 nunc
326 924 434 983 servari
447 934 606 1003 poterunt:

182 1039 233 1094 flos
244 1041 309 1111 lpse.
323 1055 395 1094 nunc
407 1039 477 1094 hsnc
488 1038 519 1093 td
531 1038 596 1093 mihi
608 1037 650 1093 rel
662 1036 741 1093 rivel
756 1036 823 1091 clam
835 1035 877 1091 vel
889 1033 1009 1108 prendrio

184 1109 227 1165 sac
238 1111 344 1165 trades:
362 1127 424 1186 mea
434 1109 472 1164 nil
484 1110 583 1176 reffert,
594 1110 657 1163 dum
670 1107 859 1180 potidr'modo.

113 1211 177 1270 Hic
190 1231 308 1291 quoque
327 1211 460 1272 trimeter
479 1210 550 1271 facit
565 1211 734 1273 clausulam.
774 1208 854 1276 Quin
874 1207 1031 1288 aliquando
1052 1205 1151 1288 plures
1163 1202 1230 1266 clau-

114 1293 187 1353 sulae
201 1297 432 1372 conjunguntur,
444 1305 478 1354 ut
491 1293 522 1351 in
536 1292 639 1352 eadem
653 1310 743 1352 scena
756 1311 783 1350 v.
794 1297 825 1352 6.

187 1406 280 1475 nescio
289 1411 353 1484 quid
365 1414 400 1466 de
411 1411 501 1468 amore
512 1411 637 1484 loquitur.
648 1412 667 1466 6
679 1408 872 1466 infortunatum
884 1425 983 1465 senem.
1005 1408 1010 1437 ³

189 1482 235 1537 hic
246 1483 310 1538 vero
322 1494 374 1549 est,
384 1485 430 1555 qui
441 1484 538 1538 siocce
572 1484 616 1550 rit,
876 1501 880 1509 ·

189 1553 283 1607 ludiim
291 1557 437 1678 {ecumque
448 1556 520 1610 dicas
561 1555 613 1610 isse
624 1553 699 1608 illum
711 1552 843 1619 alterum„

193 1636 280 1707 prens
311 1627 370 1709 ujus
381 1627 466 1681 rabies
478 1626 545 1698 quad
557 1626 639 1680 dabit.
821 1693 828 1706 1
898 1691 905 1706 ·
1083 1674 1086 1678 .

191 1695 309 1750 utillum
321 1698 349 1750 dr
360 1696 418 1751 dete
430 1714 525 1752 omncs
536 1697 638 1751 senium
652 1696 773 1766 perdent,
785 1712 830 1764 qm
839 1692 922 1784 bbdre
934 1708 977 1747 mc
987 1689 1138 1753 romordtus
1148 1697 1192 1761 est·

119 1798 166 1880 Et
173 1798 253 1879 apud
267 1796 404 1858 Plautum
418 1799 448 1857 in
464 1800 567 1858 Sticho
581 1799 624 1880 ll.
640 1802 668 1869 l,
685 1800 732 1858 15.

192 1914 317 1985 quidnam
330 1913 419 1969 dicam
429 1913 571 1968 Dinacinm

192 1985 401 2041 lascivibundum
413 1986 467 2039 tdm
475 1985 598 2040 lubenter
609 1981 733 2041 currere?

192 2055 367 2110 harlindinem
379 2055 431 2110 lert
442 2056 641 2128 sportulamque
653 2067 680 2111 et
691 2054 827 2110 hamulum
839 2051 987 2126 piscarium.

123 2159 184 2219 Sed
197 2171 230 2220 ut
239 2159 411 2240 plerumque
425 2159 562 2221 clausule
570 2179 630 2219 uno
645 2180 712 2221 cum
721 2159 784 2218 aliis
797 2159 927 2218 versibus
941 2175 1064 2216 numero
1073 2157 1232 2226 cohaereant,

121 2240 203 2301 nulla
216 2252 314 2302 tamen
325 2245 399 2302 ratio
413 2241 536 2302 inveniri
548 2253 657 2320 potest,
672 2258 761 2320 qnare
774 2241 805 2300 id
819 2240 984 2300 necessario
997 2238 1058 2300 liet.
1098 2240 1197 2308 Immo,
1209 2248 1233 2294 ut
1272 2258 1273 2292 1

125 2324 235 2402 ubique
258 2325 373 2383 numeri
397 2324 434 2384 ad
454 2322 630 2384 sententiam
657 2321 926 2393 accommodantur,
949 2321 991 2380 ita
1015 2330 1060 2380 est
1082 2321 1180 2392 etiam,
1197 2315 1235 2378 ubi

124 2405 263 2463 clausulae
282 2415 403 2484 propter
416 2407 507 2482 ipsam
528 2404 689 2464 orationem
709 2405 818 2464 rectius
838 2403 992 2463 videantur
1012 2421 1097 2461 suum
1120 2403 1173 2478 sibi
1184 2418 1236 2481 pro·

125 2486 221 2563 prium
247 2504 401 2542 numerum
421 2485 539 2545 habere.
580 2487 679 2550 Quare
700 2505 810 2545 errasse
830 2495 902 2564 puto
917 2484 1093 2555 Bentleium‚
1116 2481 1237 2564 quumin

124 2565 242 2624 Andria
255 2566 313 2625 lll.
327 2569 357 2637 2,
373 2569 423 2646 37.
436 2565 604 2636 clausulam,
619 2586 685 2645 quae
698 2565 871 2626 inter-duos
891 2566 1057 2625 trochaicos
1076 2560 1249 2647 septenarios

126 2657 299 2785 estl„contra
322 2666 423 2707 omnes
442 2647 541 2720 libros,
567 2667 625 2727 quo
639 2666 778 2707 numerus
800 2649 1031 2721 continuaretur,
1051 2648 1094 2712 sic
1118 2647 1236 2728 scriptun
1270 2691 1273 2729 3

126 2746 165 2786 ex
175 2727 271 2802 tibuit,
341 2791 345 2799 ,
1037 2735 1039 2740 ’

197 2846 261 2918 quid
273 2846 334 2903 als?
352 2848 396 2902 ubi
408 2848 585 2905 intellexeras.

126 2949 256 3008 Tantum
271 2953 353 3011 abest
373 2953 461 3024 enim,
483 2964 515 3012 ut
530 2971 667 3013 numerus
688 2963 770 3013 recte
784 2971 851 3013 cum
873 2952 1106 3032 precedentibus
1130 2967 1237 3012 connec-

129 3042 219 3102 tatur,
233 3042 266 3090 ut
280 3045 310 3090 et
334 3033 495 3112 indignatio
512 3034 636 3093 Simonis
655 3054 763 3094 novum
787 3052 941 3093 numerum
964 3035 1063 3112 incipi,
1078 3047 1110 3094 et
1133 3033 1237 3115 pondus
1269 3048 1272 3089 :

130 3111 211 3188 quod
234 3112 283 3172 ille
297 3114 327 3171 in
350 3116 439 3173 verbo
459 3114 638 3174 intellexeras
659 3135 722 3175 esse
741 3115 814 3188 vult,
837 3116 972 3174 eumdem
996 3134 1150 3175 numerum
1169 3114 1238 3175 etism

131 3193 291 3253 consistere
305 3194 334 3252 in
348 3194 405 3254 hoc
425 3197 514 3255 verbo
529 3196 665 3276 postulet.
707 3195 904 3262 Quamobrem
922 3216 1020 3258 reram
1034 3216 1098 3258 esse
1118 3198 1237 3256 librorum

131 3274 289 3334 lectionem
303 3276 451 3336 existimo:

203 3412 267 3483 quid
279 3409 341 3467 ais?
364 3429 445 3484 quum
457 3413 627 3469 intellexeras

202 3485 232 3538 id
244 3483 381 3538 consilium
393 3484 496 3554 capere,
508 3490 555 3539 cur
567 3503 622 3539 non
635 3484 704 3539 dixti
716 3483 850 3555 extemplo
862 3481 1022 3556 Pamphilo?

176 3614 223 3670 15..
245 3607 314 3665 Non
327 3606 379 3667 abs
392 3625 424 3666 re
439 3605 504 3677 erit,
515 3624 630 3665 ornnem
643 3605 727 3679 istam
741 3605 903 3665 continuati
916 3604 1031 3664 numeri
1044 3605 1183 3666 rationem
1194 3614 1236 3661 unt

134 3687 231 3766 aliquo
246 3688 348 3747 illustri
363 3688 505 3767 exemplo'
520 3687 700 3748 confirmare.
742 3689 818 3748 Utar
831 3699 929 3746 autem
951 3686 1092 3766 preclara
1111 3688 1159 3748 illa
1170 3695 1237 3744 stent

134 3767 283 3839 Pseudoli‚
299 3769 323 3828 Ι.
339 3776 367 3831 ‘2-
382 3769 480 3847 inqua
492 3769 559 3828 leno
571 3788 668 3828 servos
682 3770 828 3846 objurgat,
842 3769 953 3827 omissis
967 3780 1065 3828 tamen
1075 3768 1110 3829 iis
1121 3766 1235 3848 partibus

133 3869 199 3925 qnae
213 3852 249 3910 ab
263 3851 320 3908 hac
329 3850 525 3926 disputatione
536 3849 638 3910 alienae
651 3861 729 3910 sunt.
753 3850 862 3909 ,Finem
873 3849 987 3909 numeri
1000 3855 1143 3932 cujusque
1155 3841 1237 3908 merla

137 3933 269 4006 apposita
281 3931 427 3990 indicabo.

452 4011 473 4035 ’Λ

206 4061 302 4133 E'xite,
313 4067 391 4138 agite,
403 4065 484 4132 exite,
492 4065 590 4137 ignavi,
601 4066 670 4126 mile
681 4067 764 4124 habiti
776 4078 804 4124 et
816 4068 885 4125 male
896 4067 1039 4134 conciliati,
1265 4121 1266 4128 ,

205 4136 316 4205 quorum
327 4156 468 4210 numquam
480 4138 621 4210 quidquam
630 4141 750 4210 cuiquam
762 4140 836 4195 ve'nit
848 4141 875 4194 in
887 4151 1003 4196 mentem
1015 4149 1047 4193 ut
1058 4137 1133 4195 recte
1142 4135 1230 4194 facim
1265 4152 1273 4200 '.

208 4208 303 4294 quibus
315 4209 365 4264 nisi
376 4211 411 4263 ad
422 4209 475 4262 hoc
486 4208 636 4280 exemplum
643 4210 774 4281 experior,
783 4213 837 4266 non
846 4223 935 4282 potest
946 4209 1066 4282 usurpdri
1075 4228 1165 4266 usuras
1176 4210 1241 4274 neque
1270 4235 1273 4272 5

208 4294 258 4344 ego
270 4277 390 4334 homines
402 4281 482 4351 magis
493 4280 581 4334 asinos
589 4299 713 4352 umquam
725 4282 796 4336 vidi:
813 4282 851 4337 ita
862 4283 945 4353 plagis
957 4284 1039 4338 cdstae
1051 4283 1160 4338 callent:
1272 4305 1273 4315 ¹

174 4354 191 4404 5
208 4349 274 4418 qudo
286 4349 348 4406 dum
360 4351 447 4420 series,
459 4352 507 4409 tibi
518 4352 578 4424 plus
589 4369 704 4410 noceant
724 4352 757 4409 do
775 4354 845 4410 enim
858 4354 963 4426 ingenio
976 4353 1004 4409 hi
1016 4354 1079 4423 sdnt
1090 4349 1231 4427 nsgritribo
1272 4359 1273 4364 ’
