2694 4866
41 330 47 347 .
111 285 173 344 880
261 280 342 343 LIB.
356 278 414 340 111.
428 277 523 341 CAP.
537 276 591 339 v1.
604 275 664 339 DE
678 276 808 340 CHOR.
823 275 1101 341 PoLYscHuur.

113 449 282 528 dispositam
296 448 396 521 fuisse,
410 468 518 527 easque
531 458 630 528 partes
643 446 730 509 certis
744 446 773 505 in
787 446 871 520 locis,
880 446 969 507 veluti
980 446 1012 507 in
1020 447 1093 524 line,
1106 446 1232 514 cumen

113 530 244 591 versrlsus
268 530 399 590 additum
423 530 558 590 habuisse
582 529 670 598 bunc,
694 528 744 608 qui
768 527 964 588 choriambica
985 530 1118 591 catulexi
1141 530 1231 590 linitur.

114 613 244 673 caeteras
257 623 355 671 autem
369 612 511 685 licentias,
526 629 597 690 quas
611 621 753 670 memorat
768 609 952 689 Hephaestio,
970 630 1033 672 uon
1053 611 1231 673 dubitandum

114 705 160 754 est
182 712 231 753 eas
250 692 350 765 fuisse,
374 714 441 773 quae
462 713 501 753 ex
523 693 585 771 ipsa
602 691 688 751 metri
713 690 844 752 Cratinei
865 703 970 753 natmu
994 692 1164 774 prodeunt:
1182 711 1232 775 qus

115 774 185 856 ipsoe
197 774 321 836 fortasse
335 794 394 835 nou
408 794 510 836 omues
525 784 672 853 usurpate
686 783 768 833 sunt:

117 1402 232 1478 Aperte
246 1396 365 1457 vitiosus
378 1397 579 1472 interserens,
594 1399 686 1479 qualis
701 1417 776 1458 unus
789 1409 834 1463 est
847 1417 959 1471 eurum,
980 1416 1058 1479 quos
1078 1401 1161 1463 affert
1179 1394 1228 1461 lle

117 1479 251 1560 phoestio,
265 1478 290 1537 si
303 1476 356 1552 ita,
371 1490 404 1539 ut
418 1480 496 1558 apud
509 1479 589 1540 hunc
598 1480 718 1558 legitur,
732 1479 893 1560 scripsisset
907 1480 1048 1561 Eupolis:

198 1608 281 1694 lauden
294 1614 394 1694 malgor,
407 1609 471 1695 dt'aip'
482 1610 528 1683 ἤδη
542 1617 582 1676 vl·
596 1614 692 1691 wulpem
706 1616 866 1696 orguil-xm

118 1742 163 1801 At
177 1740 242 1820 quis
254 1742 412 1815 dubitabit,
426 1742 494 1827 luigo
506 1744 534 1808 tt
549 1763 616 1804 eum
630 1743 766 1805 dedisse?
788 1745 935 1807 Ceterum
956 1744 1058 1820 miror,
1080 1747 1111 1806 iu
1127 1747 1172 1806 illo
1184 1743 1229 1803 llu-

118 1822 225 1903 polidis
237 1844 332 1897 versu,
347 1845 434 1905 quem
455 1825 517 1884 dixi
532 1827 620 1886 certis
633 1837 748 1885 tautum
762 1826 791 1885 in
805 1827 877 1886 loeis
896 1829 1161 1907 parabamus-illius
1170 1825 1229 1906 poti·

118 1914 182 1964 tum
210 1903 313 1979 videri,
341 1906 545 1967 Gaisiordium
569 1910 732 1985 ξνιιγωέμηι
759 1908 894 1981 edidisse,
925 1910 994 1988 quia
1028 1909 1072 1969 sic
1107 1907 1228 1970 scm

121 1984 332 2047 Valckenarius
346 1987 384 2046 ad
400 1988 504 2050 Phoen.
519 1995 588 2053 360.
602 2009 632 2068 p.
656 1994 723 2051 128.
751 1989 899 2050 Schoefero
922 1991 962 2051 ad
981 1991 1077 2062 schol.
1103 1985 1227 2071 Apollonii

121 2066 221 2128 Rhod.
233 2089 263 2148 p.
282 2074 349 2132 165.
363 2068 428 2130 talis
442 2070 594 2150 videbatur
608 2070 657 2130 hio
671 2070 858 2134 Valckenarii
871 2090 953 2134 error
965 2091 1041 2152 esse,
1062 2084 1099 2135 ut
1118 2090 1179 2134 euru
1192 2085 1227 2130 oa

119 2146 190 2209 lami
202 2150 386 2211 aberratione
400 2153 600 2214 excusandum
614 2163 741 2232 putaret.

570 2439 698 2528 lCAP.
724 2441 796 2520 VI.

320 2671 371 2721 DE
390 2667 654 2723 CHORIAMBICO
671 2669 1046 2723 POLYSCHEMATISTO·

166 2837 193 2891 l.
213 2832 292 2892 Inna
307 2833 369 2912 ipse
382 2855 491 2906 versus,
506 2854 594 2914 quem
609 2834 792 2914 Hephaestio,
808 2845 841 2895 ut
851 2835 938 2895 modo
950 2832 1112 2894 indicatum
1121 2839 1167 2903 est,
1174 2841 1220 2908 pel*

123 2932 224 2997 peram
245 2934 299 2993 pro
312 2915 407 2973 forma
419 2935 518 2975 versus
535 2916 665 2977 Cratinei
679 2916 792 2991 habuit,

196 3032 316 3107 liptanas
329 3029 390 3091 illo
405 3033 425 3092 ir
437 3037 505 3114 χοςᾷ
513 3031 616 3098 maid
629 3012 722 3111 l'xsscae
735 3036 823 3099 καλόν·

127 3175 130 3181 ,
203 3117 249 3172 aad
264 3112 438 3192 ξυνιγιγιόμηι
449 3120 487 3173 uisi
497 3120 546 3182 τοῖς
557 3114 670 3187 ἀγαθοῖς
684 3114 826 3198 polygonus·

122 3225 178 3288 etsi
191 3248 252 3288 non
272 3229 386 3290 videtur
406 3229 681 3310 polyschematistus
702 3251 775 3306 esse,
796 3238 900 3295 tamen
914 3224 964 3289 hic
983 3215 1218 3316 commemorulfl1¹
1246 3219 1256 3255 l

123 3321 197 3382 erat,
213 3321 246 3369 ut
260 3311 309 3389 qui
324 3322 488 3391 propterea,
504 3312 584 3392 quod
599 3313 777 3392 compositus
791 3323 836 3372 est
857 3332 896 3372 ex
916 3311 1031 3373 duabus
1055 3311 1184 3390 Glyconel
1195 3303 1216 3391 '0‘

124 3390 312 3452 Pherecratei
333 3392 444 3467 formis,
465 3405 570 3454 natura
590 3414 642 3452 sua
662 3413 722 3453 non
743 3394 915 3454 excluderet
929 3390 1215 3474 polyschemuistoru

121 3471 281 3534 licentiam.
322 3474 456 3534 Vidimus
480 3475 557 3535 enim
581 3475 733 3554 utriusque
757 3474 846 3554 partis
866 3475 991 3535 formam
1011 3493 1098 3556 supra
1117 3472 1214 3531 inveliu
1252 3529 1258 3540 .

123 3551 249 3635 Priapes
264 3574 332 3614 curn
345 3556 408 3616 aliis
421 3557 521 3616 formis
536 3568 762 3619 commutatam:
783 3568 816 3616 ut
830 3557 861 3615 in
873 3557 942 3630 hoc,
1245 3568 1258 3584 ‘¹

204 3677 251 3731 eal
261 3671 423 3748 ’μιλιλῶτινοι
438 3680 535 3745 danda,
549 3680 595 3734 nal
610 3672 670 3755 pidet
683 3674 863 3756 xgmmgale·

165 3790 195 3846 2.
210 3785 320 3845 Verum
335 3788 390 3846 etsi
403 3788 499 3866 potuit
512 3789 562 3848 hic
576 3808 675 3849 versus
685 3787 1008 3869 polyschematistorum
1023 3788 1110 3849 modo
1121 3764 1209 3844 moui

124 3883 228 3925 vereor
241 3879 338 3926 tamen
354 3887 391 3926 ne
406 3868 436 3926 id
450 3890 508 3928 non
523 3871 560 3929 sit
573 3870 695 3931 factum.
737 3864 870 3930 Certein
881 3870 1047 3949 fragmento
1060 3863 1208 3930 Adulatoruffl

125 3944 279 4026 Eupolidis
292 3949 370 4027 apud
387 3950 562 4010 Athenaeum
578 3953 632 4010 Vl.
648 3973 677 4031 p.
693 3956 762 4013 236.
778 3950 813 4010 Ε.
828 3951 908 4031 quod
930 3954 1014 4015 xvl.
1034 3950 1152 4015 versibu
1165 3946 1207 3997 ill‘
1234 3986 1244 4025 ,2

124 4035 193 4101 stat,
208 4030 404 4089 choriambico
417 4030 511 4091 forma
524 4043 692 4093 constanter
706 4042 822 4094 servata
834 4045 898 4094 ests
1186 4034 1189 4039 '
1256 4053 1258 4059 2

159 4240 162 4246 Ι
205 4160 283 4219 ἀλλὰ
298 4160 411 4244 deberem
420 4159 548 4241 ῧιῖχουΐ
560 4167 583 4224 οἱ
596 4165 714 4237 sinuata,
728 4173 790 4249 segle
805 4173 873 4243 apale

20 4292 23 4297 .
123 4324 127 4328 Ι
207 4240 314 4317 silopa-
328 4244 394 4306 ἄλλ’
407 4244 544 4318 issimi,
558 4248 588 4315 ds
602 4249 670 4328 lapsis
684 4245 904 4327 οἵπαηηομψοὶ
