2694 4866
136 248 142 261 '
241 242 1028 314 nun.cnP.xxxtx.Duv1t1ts.aNAcu.
1130 252 1189 313 aot

131 420 288 479 Miserarum
301 432 351 489 est,
362 439 448 512 neque
460 420 543 505 amori
554 420 617 505 dare
627 418 730 504 ludum,
741 436 828 492 neque
839 409 911 473 dlrlci

130 495 201 548 mala
212 496 274 549 vino
285 494 373 548 lavere
384 503 431 548 aut
442 491 587 546 exammdrr
598 490 741 546 metuentis

131 565 242 634 patruae
252 567 361 620 verbera
372 565 477 634 lingum.

87 676 175 725 raeter
183 668 247 726 haec
258 667 296 725 ad
304 685 392 744 puros
400 665 516 725 Ionicos
527 654 672 744 pertinere
682 663 798 724 videtur
808 673 977 723 tetrameter
988 664 1185 735 catalecticus,
1252 732 1255 737 ,

87 767 148 806 rem
163 767 181 806 a
194 747 361 827 Phrynicho
375 747 487 825 tragico
502 758 671 825 usurpatum
685 746 775 805 refert
789 744 972 824 Hephaestio,

144 863 174 922 ‘ro'
187 888 217 934 γι
228 865 276 940 μὲν
289 864 362 936 ξώιι
375 861 475 935 δούσας,
490 862 564 936 λα’γος
578 860 660 944 ὅστις
675 861 785 935 λὲγιται,

140 943 240 1015 ὀλέσαι,
253 950 401 1021 triumfauit
416 947 465 1017 ἇξὲΐ
475 947 573 1022 zaza?
584 944 710 1015 κεφαλαί’·

87 1058 123 1115 ic
137 1057 323 1117 scribendum
336 1057 468 1120 videtur:
482 1059 570 1137 vulgo
579 1058 678 1126 δούσας
689 1059 775 1132 alyn,
791 1057 874 1139 dmg
884 1057 1007 1131 λὶγιτιιι
1027 1057 1187 1119 secundum

87 1159 178 1197 ereum
193 1139 351 1199 Dorvillius
365 1139 507 1221 restituit)
526 1151 556 1198 et
569 1159 588 1199 a
601 1138 770 1220 Phrynicho
784 1139 918 1199 comico:

141 1257 165 1316 ol
179 1254 201 1315 δ’
214 1257 382 1330 ἂνᾶγιιιι”σ9’
394 1259 493 1341 leprico
505 1257 650 1341 aaedaeptbtsr
664 1258 798 1340 φςιίσομιι.

87 1390 108 1431 e
125 1371 189 1430 aliis
203 1372 382 1450 tragicorum
397 1382 427 1432 et
441 1372 619 1431 comicorum
633 1372 763 1432 versibus
777 1371 852 1431 infra
866 1371 988 1431 dicetur.

461 1626 577 1701 CAP.
604 1624 795 1701 XXXIX.

341 1838 392 1887 DE
418 1837 596 1888 VERSIBUS
621 1835 917 1888 ANACREONTEIS.

100 2005 135 2062 1.
159 1999 412 2057 Auscuuourrn
433 1999 604 2077 Hephaestio
618 1999 749 2078 pluribus
763 1996 930 2056 lonicorum
941 2014 960 2055 a
970 1998 1081 2058 minore
1091 1998 1191 2061 formis

87 2101 151 2141 rum
167 2099 230 2139 esse
244 2079 367 2152 censuit,
382 2099 452 2158 quas
466 2099 554 2159 supra
567 2101 657 2159 quum
668 2080 811 2149 afferrem,
831 2098 891 2136 non
905 2079 989 2137 aliter
1002 2099 1051 2139 eas
1065 2080 1126 2139 dixi
1139 2102 1192 2161 pro

87 2162 177 2222 micis
191 2161 290 2220 haberi
303 2180 398 2240 posse,
420 2159 475 2218 nisi
489 2161 514 2219 si
528 2170 686 2231 constaret,
707 2159 795 2217 etiam
810 2160 944 2217 omissam
965 2179 1028 2220 esse
1048 2180 1193 2223 nonnum·

87 2262 151 2304 ram
166 2242 320 2302 anaclasin.
362 2242 452 2302 Certo
468 2241 587 2300 Ionicus
601 2253 646 2301 est
659 2240 791 2300 trimeter
805 2240 1004 2315 catalecticus,

146 2357 267 2418 Διονῦσσυ
281 2365 376 2418 coibat
387 2355 551 2439 Βασσαςίδες.

87 2472 233 2534 ermirum
246 2492 315 2532 vero
329 2483 384 2544 est,
398 2473 508 2532 nullam
521 2473 557 2532 ab
572 2473 784 2552 Hephoestione
804 2471 983 2532 mentionem
1002 2472 1111 2534 factam
1130 2493 1195 2538 esse

87 2554 185 2615 'metri
199 2554 361 2626 acatalecti,
377 2574 463 2633 quem
477 2554 693 2615 usitatissimum
707 2555 807 2627 fuisse,
822 2566 852 2613 et
862 2555 990 2613 carmina
1000 2555 1064 2628 ista,
1079 2576 1144 2635 quse
1157 2561 1197 2620 ad

87 2647 289 2696 ,naereontem
303 2636 404 2695 referri
417 2636 523 2707 solent,
544 2637 672 2695 etmulti
692 2636 875 2695 scenicorum
897 2639 1048 2714 poetarum
1070 2638 1129 2696 loci
1150 2660 1196 2699 os·
1274 2635 1281 2649 '

87 2718 207 2778 endunt.
236 2718 350 2797 Nempe
365 2728 573 2777 commemorat
587 2717 705 2798 quidem
724 2716 898 2796 Hephaestio
911 2736 1011 2776 versus
1026 2724 1198 2779 Anacreon·

87 2820 129 2859 eos
150 2820 181 2877 p.
197 2803 243 2859 16.
268 2799 341 2881 (30)
365 2799 417 2858 sed
441 2811 588 2878 tamquam
611 2799 750 2858 iambicos
770 2799 908 2857 dimetros
930 2798 1133 2861 catalecticos:
1163 2815 1197 2865 st

87 2903 126 2941 on
141 2880 266 2940 debebat
280 2900 348 2939 eum
361 2881 452 2940 latere
472 2880 591 2940 Ionicus
608 2880 803 2942 Anacreontis
817 2881 951 2941 dimeter.
992 2882 1081 2946 Quod
1100 2900 1196 2962 genus

87 2980 207 3022 ersuum
221 2981 310 3040 quum
324 2974 443 3044 propter
456 2964 559 3020 miram
573 2963 753 3036 varietatem,
768 2982 833 3041 quae
845 2962 876 3020 in
888 2963 1100 3022 Anacreonteis
1114 2983 1197 3026 max·

87 3063 127 3102 ne
142 3043 317 3102 carminibus
339 3044 492 3121 reperitur,
516 3044 765 3123 impeditissimum
785 3045 878 3103 visum
899 3057 985 3117 esset,
1005 3045 1091 3105 multi
1110 3045 1141 3103 in
1161 3067 1198 3107 eo

87 3123 248 3203 xplicando
262 3124 449 3199 desudarunt,
465 3145 612 3198 successu,
626 3137 659 3184 ut
673 3127 701 3183 in
717 3137 798 3184 tanta
810 3127 857 3183 vel
871 3137 1074 3204 corruptorum
1087 3128 1135 3185 vel
1152 3129 1199 3186 in-

87 3205 144 3265 cite
157 3205 302 3264 factorum
316 3226 451 3266 versuum
465 3207 550 3285 copia
558 3207 721 3286 exspectari
730 3217 856 3285 poterat,
871 3207 1069 3284 parumfelici.
1092 3208 1198 3286 Neque

87 3309 103 3362 ι,
126 3286 221 3365 quiin
232 3286 334 3345 Diario
348 3287 481 3358 classico,
497 3290 575 3365 quod
586 3287 712 3347 Londini
721 3287 826 3357 editur,
840 3305 867 3345 a.
880 3292 968 3346 1808.
983 3305 1081 3346 mense
1091 3290 1198 3368 Aprili,

87 3386 179 3446 ragno
192 3367 339 3427 molimine
352 3369 410 3427 lroc
423 3379 627 3447 argumentum
641 3387 794 3446 aggressus
807 3378 871 3438 est,'
882 3369 1005 3425 multum
1020 3369 1047 3427 ei
1062 3368 1136 3430 lucis
1156 3372 1198 3428 vi-

87 3450 160 3509 letur
174 3448 322 3510 attulisse:
343 3450 380 3509 de
395 3455 477 3531 cujus
491 3449 691 3509 dissertatione
705 3449 776 3528 quid
789 3449 923 3520 sentiam,
946 3448 1017 3506 meis
1032 3450 1120 3529 ipsius
1133 3471 1198 3511 ver·

87 3533 116 3591 »is
130 3530 270 3590 indicavit
285 3531 463 3605 Erfurdtius,
477 3533 527 3611 qui
541 3531 764 3610 disputationem
777 3530 854 3590 illam
872 3531 1047 3590 Germanice
1061 3531 1147 3591 vertit
1156 3532 1198 3601 ¹in

87 3614 155 3686 ibro,
170 3613 219 3672 cui
232 3613 322 3671 index
336 3626 380 3673 est
395 3614 607 3695 Ko'nigsbergcr
621 3613 737 3686 Archiv,
751 3633 778 3673 a.
795 3617 881 3672 1812.
895 3624 977 3690 parte
992 3612 1046 3671 tv.

113 3697 143 3752 8.
164 3694 214 3752 Ex
227 3695 384 3767 veteribus,
398 3696 453 3753 nisi
476 3696 534 3765 alii,
558 3706 639 3754 certe
663 3697 708 3756 M.
725 3696 829 3769 Varro,
851 3714 950 3753 versus
976 3696 1197 3754 Anacreonteos

87 3775 187 3835 tutavit
200 3775 308 3835 Ionicis
328 3797 347 3835 a
366 3780 476 3856 majore
496 3777 727 3836 adnumerandus
741 3797 821 3837 esse:
843 3777 881 3837 de
895 3796 953 3859 quo
967 3775 1008 3837 ita
1020 3776 1119 3837 scribit
1141 3776 1201 3837 Tc-

87 3857 222 3920 ·entianus
236 3878 264 3937 p.
280 3863 369 3922 2447.

143 3974 268 4030 nonnulli
280 3987 385 4030 metron
398 3976 450 4030 hoc
463 3977 544 4049 magis
555 3987 690 4049 putarunt,

145 4045 219 4117 quod
230 4047 265 4101 sit
276 4058 383 4117 postera
394 4066 455 4118 pars
466 4050 626 4116 lonicorum,

147 4135 215 4187 quos
228 4117 320 4172 dicunt
330 4125 376 4172 cri
386 4125 478 4185 μείζονος
496 4121 637 4185 vocandos,

144 4199 176 4242 ut
188 4205 276 4242 versus
288 4202 423 4260 reparetur
433 4191 496 4245 inde
507 4191 618 4264 plenus:

145 4259 249 4328 segetes
266 4262 354 4314 melun
371 4262 504 4318 laborem:

144 4330 162 4384 ὁ
174 4330 252 4401 quam
264 4331 414 4391 relevarunt
426 4332 528 4406 segetes
540 4334 627 4391 meum
638 4332 769 4390 labbrem:
