2694 4866
317 294 377 356 888
719 292 797 352 LIB.
811 290 869 351 111.
890 290 984 351 CAP.
999 292 1059 365 ΙΙ.Ι

319 463 437 522 formas.
478 464 578 537 Atque
592 459 620 516 in
635 459 769 539 primaria
784 458 832 517 ills
845 460 948 529 forma,
973 476 1160 539 quaeestex
1180 468 1251 543 basi,
1290 496 1338 521 ot

321 558 352 603 et
366 544 471 610 iambo,
493 541 564 598 illud
578 561 634 599 non
650 561 722 620 opus
733 552 777 600 est
793 553 824 599 ut
839 541 1036 614 ostendamus,
1058 544 1091 604 in
1106 547 1172 607 basi
1186 552 1323 611 conuulsi
1339 582 1341 600 ν

212 664 217 675 -
320 624 480 683 trochaeum
494 634 581 700 atquc
596 623 721 679 iambum
736 622 790 680 sibi
799 623 917 700 opponi,
934 644 1023 701 quum
1035 626 1065 684 id
1076 640 1111 687 et
1125 648 1144 689 a
1157 634 1328 709 grammaticis

321 716 414 763 tatum
429 705 475 775 sit,
491 714 520 762 et
535 703 670 781 exempla
684 704 792 781 ubique
802 704 993 782 reperiantur.
1030 708 1103 767 lloc
1118 724 1220 773 autern
1230 716 1307 795 mgb
1319 745 1328 766 .

321 786 440 845 dubium
460 784 615 856 ridebitur,
640 798 735 843 utrum
758 804 868 857 versus,
894 786 943 865 qui
964 788 1131 865 spondeum
1156 794 1265 857 hahent
1287 824 1299 848 a
1318 823 1340 842 ¹-

320 867 436 947 pedem‚
460 866 620 945 Glycoueis
641 866 834 936 adnumerari,
859 869 996 938 debeant,
1018 890 1055 929 sn
1079 873 1234 953 singulare
1250 896 1324 957 genu

320 948 386 1006 sint.
429 948 498 1005 Hoc
509 948 625 1024 quidem
640 948 689 1024 qui
704 967 739 1006 eo
754 948 907 1007 verisimile
922 970 985 1009 esse
1004 954 1135 1029 putabit,
1157 958 1239 1036 quod
1257 960 1291 1039 pl
1329 999 1330 1005 1

318 1028 392 1088 locis
406 1040 437 1087 ct
450 1028 614 1105 strophicus
628 1041 657 1085 ct
672 1029 897 1107 antistrophicus
910 1051 1008 1091 versus
1018 1036 1188 1111 spondeum
1204 1040 1307 1112 habant,
1322 1069 1323 1072 ¹
1342 1083 1343 1086 =

317 1129 384 1169 mea
396 1108 549 1167 sententia
593 1108 668 1165 Nam
683 1128 772 1187 quum
786 1112 844 1169 hoc
858 1131 950 1190 genus
975 1133 1033 1171 non
1054 1118 1148 1177 modo
1168 1122 1271 1181 mediis
1323 1148 1338 1165 ¹·

317 1192 456 1249 insertum
471 1188 643 1267 reperiatur,
659 1209 817 1270 quumque,
840 1206 872 1251 ut
886 1213 972 1272 supra
986 1195 1097 1254 dictum
1114 1212 1172 1271 est,
1199 1201 1329 1265 eadem

317 1272 440 1350 spondei
451 1270 641 1329 commutatio
654 1271 742 1329 etiarn
758 1273 785 1330 in
801 1274 883 1331 exitu
897 1275 1098 1334 dochmiorum
1115 1281 1228 1343 usitata
1241 1287 1283 1355 sit,

317 1353 372 1410 ista
385 1352 482 1429 potius
496 1350 533 1407 sd
546 1370 657 1409 morem
679 1354 866 1432 tragicorum,
891 1356 981 1433 pedes
1003 1358 1090 1415 etiarn
1118 1376 1232 1439 praeter
1250 1388 1277 1425 n¹
1290 1395 1340 1416 -w

316 1432 543 1510 cxoequantium‚
559 1432 711 1491 referenda
721 1435 785 1507 erit,
802 1436 927 1513 locique,
938 1437 1080 1515 inquibus
1091 1440 1347 1527 iambusspoudot

314 1514 387 1571 situs
401 1524 456 1582 est,
471 1532 529 1570 non
545 1524 655 1573 temere
671 1536 725 1594 pro
740 1517 883 1595 corruptis
896 1517 1031 1577 habendi.
1073 1520 1245 1587 Observavi
1263 1542 1335 1591 autor

315 1592 469 1673 Sophoclis
483 1593 512 1649 in
529 1593 695 1656 Philocteta
708 1618 735 1658 v.
751 1602 836 1659 1128.
855 1603 942 1660 1151.

395 1741 497 1817 ὖτὸξοι
511 1745 593 1816 φίλον,
609 1744 631 1803 ὅ
644 1749 731 1825 φίλων.

393 1830 440 1885 reli
454 1827 561 1907 oego'rhtr
574 1830 663 1897 asaias
677 1830 772 1887 dantis.

312 1973 423 2032 Aldina
436 1973 554 2052 quidem
569 1976 617 2034 hic
632 1977 736 2060 releba,
751 1990 784 2036 ut
798 1978 861 2055 quis
875 1978 912 2037 de
925 1978 1018 2038 forma
1031 1999 1070 2040 ex
1083 1981 1149 2043 basi
1164 1999 1196 2047 et
1210 1992 1323 2052 trochsr

312 2055 482 2114 choriambo
506 2058 635 2134 cogitare
659 2059 767 2136 possit:
797 2078 970 2138 quamquam
983 2062 1014 2119 id
1028 2061 1108 2122 haud
1127 2071 1203 2131 satis
1224 2074 1324 2153 elegea

310 2136 414 2215 Eurip.
430 2137 551 2216 Hippol.
565 2144 634 2202 741.
649 2144 717 2203 751.

390 2290 438 2353 ταὶς
452 2294 626 2368 iammoni,
640 2291 735 2361 adytis·

388 2370 458 2443 χθῦν
471 2366 625 2445 εὐδαιμονίαι
637 2374 710 2436 droia.

311 2496 372 2554 Hic
386 2497 502 2575 quidem
520 2498 683 2558 Brunckius
704 2504 803 2567 θνατοῖς
818 2502 908 2573 dedit,
930 2505 1007 2583 quod
1031 2506 1147 2569 dubitat
1169 2533 1208 2573 an
1231 2517 1305 2596 praef
1322 2542 1331 2563 a

307 2577 345 2636 sit
361 2577 510 2639 Monkius.
546 2580 610 2638 Nec
625 2580 675 2652 dii,
691 2600 785 2658 neque
798 2580 939 2656 homineS,
954 2587 977 2644 si
992 2588 1060 2665 quid
1074 2590 1173 2666 video,
1190 2597 1240 2658 hic
1254 2602 1290 2659 ita
1319 2626 1320 2645 t

307 2661 528 2720 commemorari
540 2674 707 2739 potuerunt.
750 2665 848 2728 Quare
862 2667 1017 2726 videndum
1031 2682 1113 2748 puto,
1128 2693 1168 2734 ne
1185 2677 1331 2748 ἐσθλοῖςε

305 2744 402 2819 polita,
419 2762 477 2819 quo
491 2743 609 2800 nornine
625 2746 716 2802 utitur
731 2746 759 2802 in
774 2746 875 2807 cadem
891 2769 921 2808 re
936 2749 1076 2810 Pindarus
1092 2754 1141 2815 Ol.
1157 2758 1200 2819 11.
1219 2767 1284 2823 112.
1316 2750 1337 2808 ³7

305 2822 335 2878 iu
350 2822 423 2881 Ione
438 2844 464 2881 v.
479 2829 548 2885 466.
563 2830 633 2884 486.

383 2969 426 3029 diro
439 2975 506 3041 Saul,
522 2970 565 3033 llo
579 2975 706 3055 raphim·
745 2980 748 2985 ’

382 3059 523 3121 βασιλικὸν
537 3058 665 3133 θαλάμων
679 3059 703 3116 τ’
717 3058 767 3120 tltr·

302 3183 341 3243 Et
356 3183 386 3243 in
400 3184 520 3247 Electra
535 3191 604 3250 122.
622 3191 690 3255 137.

325 3310 331 3319 ’
380 3316 402 3375 οἶ
415 3321 508 3404 xoirtg,
523 3322 587 3385 οὐδ’
601 3325 709 3389 ir⁰Atda
725 3327 764 3396 ll.

382 3397 404 3456 oi
417 3412 472 3475 zet,
491 3412 546 3473 Ζεῦ,
562 3413 647 3493 vargi
656 3412 683 3471 θ’
698 3414 822 3488 ιῖμοίτων.

299 3531 368 3594 Quo
382 3541 480 3592 tamen
494 3534 562 3597 loco
576 3542 600 3600 si
616 3541 678 3621 quis
688 3535 783 3592 deleto
797 3524 834 3614 δέ.
858 3519 938 3616 ’olda
951 3526 1037 3586 scribi
1051 3539 1145 3610 malit,
1165 3542 1233 3611 ⁸110„
1252 3574 1289 3612 m,
1299 3581 1306 3625 2
1316 3576 1330 3603 ,.

293 3610 476 3759 srpgrtpglappp.
497 3612 764 3762 lpp4lphig.-Taur.
785 3603 833 3660 ubi
848 3604 968 3668 diversae
992 3610 1137 3691 Glyconei
1159 3630 1264 3695 form
1285 3656 1334 3715 ,pn

372 3846 605 3927 magum„
617 3834 718 3935 apxlat.

369 3923 432 3990 θεῖς
440 3928 589 4003 appa-sacr
599 3941 696 3996 stages.

289 4043 356 4105 Hos
367 4048 448 4111 locos
462 4054 547 4113 etiam
564 4044 710 4108 Seidlerus
725 4052 761 4110 ad
783 4054 884 4133 Eurip.
901 4055 1050 4119 Electram
1074 4081 1102 4140 p.
1126 4070 1191 4127 122.
1209 4075 1315 4146 attulit,
1338 4100 1341 4123 t

283 4124 396 4188 addens
409 4133 490 4203 alios,
505 4142 627 4207 quorum
642 4128 838 4210 inquesita
854 4136 925 4197 OEd.
941 4140 1004 4199 Col.
1019 4148 1089 4207 678.
1104 4158 1196 4223 aperte
1209 4149 1326 4211 vitiosus
1343 4181 1347 4203 t

280 4215 451 4283 „necessario
465 4210 541 4273 enim
561 4213 714 4287 βακχιάτοις
736 4218 919 4277 scribendum
946 4235 1000 4293 est,
1024 4227 1091 4303 quis
1108 4224 1242 4305 analogia
1261 4250 1345 4313 repu

271 4285 456 4369 'damarim
496 4288 585 4353 Alter
598 4306 707 4371 autern,
722 4299 772 4377 qui
786 4311 830 4359 est
843 4301 874 4359 in
889 4302 959 4361 OEd.
975 4304 1013 4365 R.
1030 4310 1113 4371 1196.

836 4409 847 4452 1
