2694 4866
338 247 396 309 DE
420 246 628 310 VERSIBUS
650 246 961 311 ASYNARTETIS.
1163 255 1224 315 389

89 421 143 485 ol.
168 421 195 481 Ι.
210 419 243 479 Ρ.
258 416 312 479 IV.
326 440 355 499 p.
370 423 440 479 438.
461 420 539 486 udins
553 420 583 477 in
597 419 665 487 vim
679 419 811 497 mutavit,
827 430 962 492 metrum,
977 419 1057 498 quod
1070 439 1109 481 ex
1123 422 1219 483 chori-

89 503 180 567 o'mbis
204 518 234 561 et
257 499 389 561 diiambis
413 501 460 573 sit,
485 501 527 560 ita
549 501 697 580 postulare
717 513 805 560 ratus.
848 498 890 560 At
906 501 944 562 de
968 512 1063 561 metro
1077 506 1222 576 resvelde

89 597 203 664 ucerta
215 594 268 644 est.
310 585 414 662 Itaque
427 581 518 642 multo
532 583 620 643 etiam
635 583 772 642 incertior
786 583 823 642 de
837 583 1051 656 emendatione,
1060 588 1221 664 praesertim

89 686 180 750 quum
194 684 305 738 sensus,
318 683 405 746 quern
420 663 491 723 illud
505 665 574 732 πένης
588 666 710 744 praebet,
724 665 793 724 satis
806 666 896 724 mirus
910 685 974 725 esse
988 665 1130 728 videatur.
1160 669 1220 731 Sed

89 751 205 809 mittam
217 747 275 806 hoc
288 747 495 826 Fragmentum,
510 746 539 804 in
554 766 612 825 quo
627 747 734 806 certius
749 746 829 824 quid,
844 766 931 826 quam
945 747 1041 826 qualia
1061 748 1146 828 plura
1169 751 1220 811 ali·

89 832 136 893 mi
162 830 195 888 in
215 840 343 888 mentem
367 828 466 888 venire
489 829 610 907 possint,
635 828 842 900 desideramus,
867 840 896 887 et
917 829 1014 908 potius
1035 829 1072 887 ad
1096 831 1221 892 alterum

89 913 190 977 adeo.
231 910 313 970 Libri
325 921 449 982 veterae,
464 908 581 988 >erimina
595 915 632 990 τῇ
638 912 769 993 uelitisne
783 913 977 993 etiipogrim.
1017 911 1091 975 Cod.
1106 912 1217 976 Pala&

89 995 108 1057 ι’
126 995 251 1076 dipsade.
278 993 353 1053 eod.
371 991 493 1051 Dorvill.
516 996 646 1075 μυςσιίιυ.
687 992 723 1051 In
747 993 815 1054 cod.
830 992 952 1053 Monac.
972 990 1076 1070 διναρξη
1097 1022 1133 1055 ru
1153 1015 1221 1055 cum

89 1075 184 1157 patio
197 1075 423 1145 vacuo,lacunae
436 1073 531 1152 signo,
552 1084 583 1132 et
596 1074 717 1156 ’λαμηὶ
737 1073 805 1135 zisr’
830 1076 851 1135 iv
873 1074 990 1157 μυςπέρ,
1016 1075 1127 1134 omissis
1152 1076 1217 1136 reli·

89 1158 165 1241 quis,
177 1156 237 1234 legi
251 1155 414 1215 adnotatur.
444 1155 638 1215 consentiens
650 1155 729 1235 apud
745 1155 984 1235 Hephaestionem
998 1166 1028 1215 et
1043 1157 1221 1219 Athenaeum

89 1238 236 1318 scriptura
249 1239 374 1316 Διννομένῃ
388 1236 507 1296 adducit
522 1257 579 1309 me,
595 1249 637 1309 ut,
652 1237 707 1295 etsi
721 1237 910 1296 vehementer
932 1237 1065 1317 improbo
1087 1257 1147 1309 eos,
1170 1241 1221 1318 qui

89 1320 191 1382 nescio
205 1318 275 1399 quid
296 1338 434 1398 magnum
458 1339 489 1377 se
510 1319 603 1397 egisse
617 1329 730 1398 putant,
746 1319 769 1377 si
784 1319 890 1397 cuique
904 1319 1039 1398 scriptori
1053 1319 1219 1393 dialectum,

89 1421 149 1483 qua
172 1421 241 1461 eum
261 1400 315 1480 ipsi
339 1401 593 1479 grammaticorum
615 1400 866 1459 observationibus
888 1400 961 1460 moti
985 1418 1068 1458 usum
1089 1414 1220 1476 censent,

89 1501 203 1545 :emere
227 1494 257 1542 et
271 1502 302 1542 re
323 1501 425 1560 parum
449 1483 600 1561 explorata
620 1481 792 1554 obtrudunt,
815 1493 913 1540 tamen
936 1500 1019 1541 more
1042 1484 1138 1560 gentis
1161 1503 1222 1544 suae

89 1566 218 1644 Δυημὲιη
232 1563 380 1643 scripsisse
394 1563 567 1623 existimem.
609 1564 749 1624 Ultimum
763 1583 865 1623 vocem
880 1563 909 1620 in
923 1563 981 1623 hoc
995 1583 1080 1623 versu
1090 1569 1222 1647 Τυρῥακίρ

89 1646 189 1725 bime,
203 1665 263 1704 non
277 1657 323 1706 est
336 1644 488 1723 ejusmodi,
504 1657 536 1704 ut
551 1644 631 1704 credi
651 1643 789 1724 riequeat.
832 1644 1009 1722 Neglectae
1031 1645 1154 1705 Creticis
1176 1658 1221 1707 est

89 1726 208 1810 fyraca
220 1727 280 1786 sive
295 1726 455 1806 Tyrrhaca,
471 1746 556 1804 quam
568 1726 671 1785 Vibius
683 1728 839 1805 sequester
849 1726 986 1805 paludem
998 1726 1149 1806 Syracusis
1157 1747 1221 1788 esse

89 1808 191 1871 efen.
232 1811 415 1888 Quamquam
430 1808 519 1866 nolim
532 1808 590 1867 hoc
612 1807 780 1867 testimonio
793 1807 882 1866 alium
895 1809 926 1865 in
950 1807 1040 1884 finem
1062 1809 1113 1879 uti,
1133 1828 1220 1888 quam

89 1896 123 1951 st
136 1909 245 1950 nomen
259 1891 317 1949 hoc
331 1910 390 1948 non
404 1889 574 1948 inusitatum
586 1888 675 1948 fuisse
689 1888 825 1950 indicem.
867 1889 943 1948 Nam
957 1888 1022 1968 quis
1034 1889 1108 1950 sciat
1120 1890 1219 1964 hodie,

89 1971 156 2053 {nis
175 1992 279 2052 pagus,
292 1983 344 2031 aut
366 1972 444 2052 quod
459 1970 628 2050 oppidulum
646 1971 744 2042 fuerit,
770 1970 848 2031 unde
871 1984 953 2030 ortus
977 1971 1110 2031 eratille
1124 1971 1219 2031 Dino·

89 2053 212 2114 nenas?
233 2052 358 2114 Grauius
371 2055 484 2124 laborat
498 2053 571 2112 alter
584 2072 693 2125 versus,
708 2053 738 2110 in
763 2072 820 2130 quo
844 2052 913 2113 κέατ’
937 2064 1036 2132 aperte
1058 2065 1153 2113 metro
1175 2073 1220 2114 re·

89 2147 212 2215 ongnat.
253 2135 329 2194 Nam
344 2147 377 2194 ut
391 2155 459 2194 vere
472 2146 669 2213 asynartetum
684 2133 792 2193 sithoc
806 2145 941 2206 metrum,
953 2136 991 2193 de
1005 2153 1062 2213 qua
1076 2154 1107 2194 re
1121 2146 1220 2195 tamen

89 2216 175 2277 ratde
189 2217 314 2276 dubitari
326 2226 441 2295 potest,
456 2217 598 2275 tamenin
612 2215 707 2274 media
720 2235 793 2274 voce
818 2234 876 2279 non
901 2216 996 2295 potuit
1020 2217 1130 2295 syllaba
1153 2236 1220 2295 pro·
1286 2258 1292 2269 ·

89 2292 171 2371 luci,
185 2317 250 2377 quae
264 2299 294 2356 in
308 2298 366 2358 fine
380 2309 493 2357 tanturn
507 2297 642 2357 vocabuli
666 2316 773 2374 anceps
787 2296 920 2356 habetur.
962 2299 1066 2376 ltaque
1088 2299 1220 2377 suspicor

89 2392 147 2440 noc
162 2400 279 2459 quoque
301 2380 330 2437 in
343 2399 429 2438 versu
443 2398 550 2439 nomen
573 2379 723 2459 proprium
742 2379 846 2452 latere,
866 2389 900 2437 ut
919 2377 962 2437 sic
981 2379 1104 2440 fortasse
1127 2380 1217 2461 scrip·

89 2461 161 2521 erit
179 2461 310 2532 Alcaeus,

170 2557 188 2629 ὅ
208 2560 228 2642 ῥ’
248 2559 283 2620 'r'sr
298 2559 424 2637 Δυναμένη
447 2563 484 2637 uqi
501 2563 634 2642 Tvip‘aearip

170 2639 293 2723 τῖἶςμινα,
316 2642 487 2723 Λαμπςακέᾳ
500 2641 523 2700 τ’
539 2643 560 2700 ἔν
573 2646 713 2723 pergrandia

89 2751 164 2817 stou
179 2768 224 2816 est
246 2757 318 2815 mibi
342 2756 459 2836 quidem
482 2756 649 2835 exemplum
668 2757 793 2815 nominis
818 2757 995 2842 Λιμπςακίις
1019 2759 1050 2818 in
1070 2768 1222 2838 promptu:

89 2836 142 2896 md
154 2837 228 2896 nihil
241 2838 313 2897 illud
326 2848 398 2918 puto
412 2837 576 2921 offensionis
589 2838 713 2911 habere,
724 2849 756 2898 ut
771 2850 801 2898 et
815 2851 896 2899 recte
909 2841 1064 2900 formatum
1087 2839 1124 2899 ab
1147 2841 1222 2914 ἄκος,

89 2912 220 2990 instram,
235 2931 266 2979 et
289 2920 523 2980 terminationem
544 2919 655 2987 babens
669 2920 861 2980 Doriensibus
883 2932 913 2981 et
927 2921 1114 2980 AEolensibus
1135 2922 1220 2982 valde

89 3001 234 3061 uitatam.

134 3087 181 3145 16.
203 3084 373 3162 Sequuntur
398 3084 476 3163 apud
492 3082 731 3163 Hephaestiouem
746 3105 776 3164 p.
790 3089 840 3146 51.
858 3083 931 3168 (91)
946 3094 1071 3143 metrum
1082 3085 1222 3144 iambele·

89 3173 171 3236 tum,
194 3164 390 3238 Platonicum,
413 3165 609 3239 Pindaricum,
623 3166 798 3244 elegiacum:
813 3185 879 3246 quae
891 3184 951 3224 non
965 3177 1032 3225 sunt
1046 3177 1219 3246 asynarteta.

89 3238 140 3305 Ac
154 3246 193 3304 de
220 3246 350 3326 elegiaco
371 3240 489 3328 quidem
511 3267 597 3306 versu
617 3265 706 3325 supra
727 3247 777 3306 lib.
791 3246 833 3307 11.
854 3265 881 3306 c.
895 3249 945 3306 28.
960 3245 1139 3326 explicatum
1154 3257 1218 3309 est.

89 3334 199 3387 &tera
211 3327 288 3388 infra
301 3348 354 3388 suo
367 3330 434 3389 loco
448 3329 763 3403 commemorabuntur.

134 3412 182 3474 17.
203 3409 306 3489 Pergit
328 3410 377 3469 ille
398 3431 428 3489 p.
450 3415 500 3471 55.
526 3409 600 3493 (93)
617 3410 689 3470 iimo
701 3409 867 3491 &witigem-ot
882 3410 969 3487 ὅμοίως
982 3413 1053 3471 nard
1065 3413 1106 3473 sir
1121 3410 1221 3492 agaim

89 3486 254 3553 *inteditur
269 3496 293 3566 ἰξ
307 3499 431 3570 ἰκμβικοῢ
453 3490 568 3575 >springen
592 3493 775 3557 α’κιιτοιλῆκτου
795 3497 841 3552 arsi
864 3495 1002 3574 τςοχαῖκοῢ
1027 3495 1220 3574 ἱφθημιμιςιῢς,

89 3573 305 3710 &nonomine
318 3572 482 3657 Erigrmdu'oo·
502 3573 548 3634 sior
571 3580 599 3634 sl
613 3576 633 3634 ir
657 3580 708 3639 ‘cois
731 3572 915 3655 ἐναφιςομίγοις
941 3578 973 3639 ἀς
995 3573 1150 3656 ’ᾈςχίλοχον
1173 3573 1221 3632 ’lo-

128 3678 212 3734 κχοις·

172 3758 302 3837 Δι’μητςος
315 3757 390 3828 ἁγνῆς
404 3761 451 3817 arti
461 3755 537 3838 Kr'gne
551 3757 592 3819 sir
608 3756 747 3836 tariyagu
761 3753 848 3823 σέβων.

134 3870 180 3928 18.
196 3868 404 3949 Et·deinceps:
424 3871 495 3930 ἶίλλο
508 3870 598 3932 roim
611 3867 741 3930 ἴλλαττον
753 3862 825 3928 sarri
848 3871 890 3933 rit
913 3868 1059 3929 rtbwrrtr'ar
1073 3867 1216 3935 συλλιβιῖν,

89 3940 120 3999 'l
133 3949 282 4029 antipam
296 3949 830 4034 Edgm'luorrsrragrramirmrirmsso·
845 3951 890 4011 olor
904 3953 980 4032 ragal
994 3950 1039 4028 pir
1062 3948 1131 4028 αὐτῇ
1142 3950 1218 4031 Erigi-
1253 3963 1254 3967 ’

91 4025 159 4112 *Qu
174 4031 230 4116 (fr
240 4031 299 4091 inc.
316 4032 401 4113 198.)
442 4085 460 4100 ,,
945 4040 948 4045 ’

171 4150 222 4244 ὅξος
236 4147 301 4226 irix’
316 4148 430 4244 innisae
445 4147 584 4242 ἰξὲλιιμψυ
598 4147 688 4233 cirrig-

90 4264 167 4343 ’1ςό
178 4261 203 4324 li
215 4266 249 4342 τᾷ
263 4265 444 4344 Καλλιμιίχᾳ,
462 4263 513 4346 (fr.
531 4263 615 4346 116.)
