2694 4866
310 303 578 402 annnMsto
600 304 922 371 ANTISPASTICO·
1125 251 1187 375 13¹⁹
1225 399 1228 423 Ι

75 487 94 538 ιι
108 488 140 539 ει
153 491 333 558 perversam,
346 496 414 557 que
426 477 605 551 cohaereant,
624 476 733 549 divelli,
746 496 813 557 quae
826 488 996 539 autemnon
1007 477 1185 555 cohaeream,

75 559 193 640 epulari,
210 558 373 639 ,prasertim
394 558 418 618 si
436 559 468 618 id
489 572 593 621 contra
612 558 674 632 fiat,
695 578 781 639 quam
802 559 883 639 leges
897 559 1011 620 numeri
1023 560 1184 639 patiuntur.

75 661 98 701 ,ο
111 651 211 701 autem
221 639 292 701 ritib
306 640 438 725 laborare
452 640 615 702 'doctrinam
629 640 864 721 antispastomm,
878 661 943 721 quae
957 661 976 702 a
988 642 1184 722 grammaticis

75 735 171 783 trenta
187 732 243 795 eat,
263 733 324 786 tam
346 733 391 787 est
409 735 556 803 apertum,
576 735 611 784 ut
629 724 746 802 probari
760 742 826 784 eam
839 725 975 802 cuiquam
990 724 1129 802 potuisse,
1151 737 1184 787 et
1233 735 1235 738 ⁴

75 803 121 862 lim
135 804 257 864 miratus
268 803 333 877 sirn,
355 817 385 864 et
407 825 496 879 nunc,
515 817 673 885 postquam
691 825 709 865 a
729 822 777 865 me
799 805 878 879 satia,
899 816 933 865 ut
952 818 1035 885 puto,
1056 806 1185 868 refutata

75 897 123 956 rat,
145 886 237 964 magis
250 885 348 947 mirer.
383 886 502 953 ‚Dicunt
515 887 566 959 illi,
587 887 711 970 primam
724 886 875 967 syzygiam
889 887 919 946 in
932 886 977 946 his
996 887 1126 948 versibus
1146 889 1184 949 ab

75 967 134 1027 risio
148 967 278 1046 quemvis
287 968 393 1046 pedem
406 968 580 1050 disyllabum
593 969 758 1043 admittere,
778 980 899 1028 caeteras
908 968 1019 1029 habere
1033 987 1121 1048 puros
1134 988 1186 1030 an·

75 1061 197 1128 spastos,
218 1061 393 1128 postremam
406 1063 516 1125 autem,
536 1052 561 1111 si
575 1050 730 1114 acatalecti
742 1050 810 1124 εἰει,
830 1049 984 1110 iambicam
998 1055 1080 1120 esser
1095 1051 1185 1110 inter-

75 1149 121 1190 um
135 1142 234 1190 tamen
248 1130 394 1192 alternare
408 1133 609 1213 antispasticas
622 1144 711 1214 atque
724 1131 862 1192 iambicus
871 1132 1017 1214 syzygias,
1037 1143 1078 1203 et,
1093 1132 1143 1193 ubi
1156 1133 1190 1194 id,

75 1222 112 1284 nt,
133 1211 260 1290 priorem
274 1213 380 1291 pedem
404 1215 543 1295 syzygiae,
564 1234 629 1297 quae
650 1225 791 1294 sequatur
810 1214 975 1287 iambicam,
995 1214 1109 1288 eadem,
1129 1233 1189 1295 qua

75 1313 79 1350 ι
92 1293 236 1374 principio
250 1313 361 1368 versus,
372 1294 501 1372 licentia
513 1295 567 1356 uti.
608 1296 656 1358 lta
669 1296 773 1377 prioris
783 1296 899 1376 generis
912 1295 977 1357 haec
989 1295 1083 1356 forma
1097 1307 1157 1359 eata

129 1438 286 1494 υ--υ
315 1462 472 1499 w--w
500 1464 656 1496 u--v
684 1463 844 1497 υ-υ-

130 1544 204 1575 -υ

129 1623 188 1655 w

75 1787 217 1848 caterioris
229 1787 307 1848 haec:

126 1939 284 1973 υ--υ
312 1939 464 1971 υ-υ..
490 1938 644 1973 υ--υ
672 1937 781 1974 υ-υ

125 2020 200 2051 ...υ
489 2023 564 2054 -ν

125 2098 184 2134 vu
492 2096 595 2147 aqu-⁴
670 2074 672 2079 Ι

75 2294 92 2346 ,ι
110 2283 176 2347 baec
197 2284 349 2348 falsissima
369 2304 443 2358 esse,
463 2287 551 2346 facile
570 2295 667 2364 potest
680 2282 815 2363 intelligi.
841 2281 986 2358 ¹Primum
1000 2283 1094 2358 enim,
1109 2283 1134 2344 si
1148 2283 1181 2345 bi

75 2385 145 2428 asna
157 2386 311 2428 numerum
323 2366 677 2448 Ιιεεεειεειίερεειίεεω,
698 2365 748 2445 qui
762 2364 806 2439 fit,
827 2374 935 2425 utnon
951 2364 982 2424 in
1004 2377 1182 2447 unaquaque
1214 2392 1228 2418 a

75 2447 234 2530 ttispastica
252 2449 374 2534 syzygia
386 2450 467 2528 prior
480 2468 532 2530 pes
546 2468 613 2508 cum
628 2447 730 2527 quovis
738 2447 801 2507 alio
814 2443 957 2526 disyllabo
971 2446 1047 2527 pede
1060 2441 1180 2527 permn-

75 2531 143 2591 tur?
164 2531 295 2605 Deinde,
314 2533 365 2611 qui
378 2531 422 2603 fit,
444 2542 477 2593 ut
490 2531 537 2590 vel
551 2530 581 2590 in
594 2530 689 2610 prima
697 2529 821 2611 syzygia
831 2529 888 2589 ista
900 2531 1091 2591 commutatio
1104 2528 1181 2590 tole-
1238 2521 1251 2539 ‘'

75 2612 103 2670 ui
116 2613 227 2692 possit?
238 2613 326 2677 ,Nam
340 2614 364 2673 si
378 2611 553 2692 antispastus
565 2617 604 2672 ex
619 2611 715 2672 iambo
732 2621 763 2671 et
775 2610 906 2671 trocbaeo
926 2611 1106 2690 compositus
1125 2621 1183 2687 εει,

75 2694 158 2754 mbus
178 2695 259 2755 nullo
281 2705 368 2776 pacto
391 2713 459 2754 eum
482 2694 622 2767 trochaeo,
643 2693 693 2773 qui
716 2692 895 2753 contrarium
919 2691 1006 2771 plane
1027 2711 1183 2751 numerum

75 2776 144 2847 tbet,
164 2785 215 2853 aut
230 2796 297 2836 cum
314 2775 520 2857 phyrrhichio,
536 2775 586 2855 qui
600 2778 774 2854 ne-integro
794 2773 913 2854 quidem
933 2773 1031 2833 iambo
1050 2792 1103 2853 par
1124 2785 1203 2846 est,
1307 2840 1311 2849 ¹

75 2857 204 2917 rmuutari
225 2859 342 2938 poterit.
391 2858 483 2918 Porro
506 2856 652 2935 quidest,
683 2876 737 2917 cur
758 2855 897 2939 syzygiae,
928 2874 994 2936 quae
1017 2865 1182 2934 sequuntur

75 2938 177 3010 imam,
199 2959 304 3018 purum
318 2959 433 3020 semper
452 2940 654 3018 antispastum,
673 2943 779 3019 neque,
795 2939 884 3000 etiam
904 2937 951 2997 vel
974 2932 1180 3016 dispondeum,
1204 2976 1208 2980 ·

75 3020 91 3078 a
103 3020 229 3099 primum
243 3033 415 3100 quartumve
429 3021 578 3101 epitritum
593 3021 746 3101 recipiant,
760 3021 812 3100 qui
824 3019 914 3100 pedes
928 3018 996 3098 quia
1006 3037 1058 3098 per
1066 3019 1182 3079 numeri

75 3121 140 3179 gem
154 3114 186 3162 et
199 3101 229 3159 in
243 3102 386 3182 principio
400 3114 429 3163 et
443 3103 472 3162 in
486 3103 544 3162 fine
558 3103 708 3182 antispasti
721 3102 832 3182 syllaba
845 3120 954 3180 anceps
968 3096 1067 3160 locum
1075 3099 1176 3172 habet,
1228 3163 1235 3172 ,

75 3201 101 3242 an
112 3194 234 3262 apparet
243 3202 333 3263 quare
340 3184 453 3245 exclusi
466 3184 544 3244 sint?
560 3185 697 3263 Denique
712 3183 874 3244 curultima
883 3183 913 3240 ln
927 3182 984 3241 hoc
992 3200 1101 3262 genere
1112 3189 1190 3241 vert

75 3284 127 3324 um
141 3264 261 3345 dipodia
273 3265 406 3339 iambica,
426 3284 486 3332 non
495 3265 592 3336 etiam,
607 3275 641 3325 ut
649 3275 773 3337 caterae,
788 3263 975 3344 antispastica
985 3262 1175 3342 esse'potest?

74 3346 93 3404 d
106 3347 159 3408 has
174 3366 276 3406 omnes
287 3348 460 3426 questiones
473 3347 544 3405 nihil
559 3347 692 3428 estquod
701 3346 878 3426 respondere
891 3345 939 3404 isti
946 3344 1068 3425 possint.
1088 3343 1178 3411 Quod

75 3475 76 3489 r
96 3440 132 3488 ut
151 3429 181 3486 in
198 3429 320 3489 AEolicis
334 3430 464 3489 versibus
477 3429 623 3501 fecerunt,
644 3428 738 3489 reciso
753 3427 847 3507 primo
860 3426 947 3506 pede,
969 3426 1019 3505 qui
1032 3426 1108 3485 basis
1122 3436 1177 3497 est,

75 3529 180 3569 ›rsuum
204 3510 319 3574 illorum
343 3521 477 3570 naturam
501 3510 774 3576 consideravissent,
806 3507 1018 3568 clroriambicos
1040 3525 1091 3565 eos
1115 3524 1180 3565 esse

76 3588 322 3662 imadve'rtiasent,
343 3603 515 3671 paratasque
536 3591 705 3651 habuissent
727 3589 929 3671 responsiones
956 3587 994 3650 ad
1018 3606 1054 3648 ea
1067 3587 1175 3661 omnia,
1244 3636 1245 3640 ,

75 3693 103 3734 εε
117 3672 211 3733 modo
223 3673 410 3753 protulimus:
1214 3672 1215 3676 ’

119 3848 150 3867 ιο
173 3803 814 3889 οσΙ-Ιιηυυ-Ι-Ι-υυ-Ι-έ-υυ-υῧ

75 3962 110 4002 rm
127 3940 160 3999 in
173 3938 238 4019 basi
251 3949 332 3999 recte
342 3938 515 3998 commutari
528 3937 620 4018 pedes
629 3925 784 4018 disyllabas
794 3935 915 3998 scimus:
929 3953 965 3996 ea
974 3945 1072 3996 autern
1083 3951 1174 4014 quum

75 4023 158 4098 initio
166 4022 282 4081 motum
290 4021 328 4080 alt
335 4019 440 4094 lrorur'n
450 4032 597 4093 versuum,
612 4031 743 4100 apparet,
758 4039 811 4079 cur
822 4018 956 4088 nonullo,
971 4036 1058 4097 quam
1071 4017 1129 4075 isto
1141 4014 1173 4072 in

75 4127 106 4179 c,
112 4103 212 4186 pedes
220 4101 268 4162 isti
278 4113 493 4180 permutentur.
504 4101 622 4161 Deinde
629 4101 768 4181 quoniam
777 4102 807 4160 in
816 4100 996 4170 choriambo,
1002 4109 1035 4159 ut
1043 4099 1073 4156 in
1079 4096 1178 4158 medio

75 4189 149 4257 linc,
171 4196 234 4244 non
247 4193 294 4242 est
306 4182 390 4243 locus
399 4183 522 4263 syllabae
536 4182 668 4263 ancipiti,
689 4202 749 4242 non
763 4195 807 4242 est
818 4185 879 4260 jam
893 4181 1009 4251 mirum,
1030 4179 1175 4240 choriam-

86 4273 119 4330 in
135 4266 316 4345 antispastus
329 4264 459 4336 divulsis,
480 4279 531 4324 cos
544 4262 719 4344 antispastus
733 4283 821 4343 puros
835 4283 908 4324 csse.
941 4262 1078 4341 Denique
1086 4279 1177 4340 quum

75 4353 171 4425 tatum
185 4346 236 4424 sit,
257 4364 359 4409 aeratas
371 4335 584 4408 choriambicos
597 4347 627 4409 in
642 4346 717 4406 duos
730 4345 862 4427 dactylos
876 4344 970 4421 exire,
989 4346 1090 4405 eadem
1106 4341 1176 4402 cho·
1231 4353 1242 4373 ··

460 4658 466 4693 Ι
556 4703 562 4713 s

515 4716 521 4733 r
