2694 4866
111 281 173 341 882
494 281 577 348 ΗΒ,
596 276 657 346 111.
677 284 777 361 CAP„
790 282 878 347 v111.

156 453 187 510 2.
209 447 279 508 Hoc
306 432 431 511 metium
455 453 650 531 grammaticis
674 453 766 513 visum
791 463 836 514 eat
861 434 1156 533 polyschematistum
1177 468 1262 524 esse,

114 528 183 610 quia
196 531 389 610 compositum
403 535 546 612 putabant
567 555 606 596 ex
620 534 740 616 dipodia
751 534 878 596 iambica
891 543 922 594 et
936 530 1043 594 lonico
1056 550 1077 592 a
1088 531 1212 595 minore:

197 711 877 801 V-d-U—'UU-d-L'lU-i-U-'UU-i-

115 842 199 902 Hinc
213 855 243 902 et
256 864 364 905 nomen
379 847 406 905 ei
420 847 554 907 fecerunt
569 847 705 926 epionici,
721 859 751 908 et
765 846 897 927 dipodius
911 843 1053 904 iambicas
1070 842 1198 939 spondeo
1214 842 1237 900 io

113 925 231 1003 paribus
254 925 327 986 locis
348 928 442 988 vitiari
465 928 679 995 existimarunt.
720 931 763 989 At
787 946 882 1008 neque
902 925 1005 985 vitium
1020 925 1050 985 in
1063 925 1237 985 hisnnmem
1266 954 1268 1001 i

114 1017 169 1078 est,
185 1026 362 1087 aequavero
376 1011 528 1090 vestigium
543 1012 657 1071 numeri
670 1011 783 1072 Ionici:
804 1009 859 1073 sed
871 1009 913 1069 ita
934 1006 1121 1068 metieddum
1134 1014 1177 1068 est
1188 1006 1233 1065 hoc

114 1107 225 1168 genus:

194 1221 852 1315 vLale-..lle-Lvlssw..

113 1357 179 1418 Nec
206 1360 336 1435 mirarer,
363 1362 388 1420 si
414 1365 540 1425 mediam
566 1361 767 1445 amphibrachi
794 1358 942 1423 interdum
969 1355 1060 1419 etiam
1087 1354 1228 1419 solvissent

113 1439 272 1519 casuram,
287 1463 352 1524 quae
365 1442 395 1502 in
409 1443 467 1507 fine
480 1447 583 1528 prioris
596 1447 686 1528 partia
700 1456 755 1517 est,
774 1461 834 1505 non
854 1440 973 1520 ubique,
996 1449 1030 1500 ut
1043 1448 1173 1533 apparet,
1182 1451 1228 1497 ser⁴

114 1535 228 1585 varunt.
322 1549 326 1561 *
389 1535 392 1538 ’

544 1782 661 1863 one.
678 1779 808 1896 um.

412 1997 463 2049 DE
480 1997 659 2050 VERSIBUS
683 1989 952 2048 ASYNARTETIS·

158 2163 186 2221 1.
200 2158 500 2225 nasammonas
512 2160 653 2231 delinitio,
667 2177 734 2238 quae
748 2146 1161 2235 agrammaticisprodituest,
1172 2143 1227 2211 u'ut
1266 2142 1268 2179 ¹

117 2238 233 2299 laborat
247 2241 445 2321 ambiguitate,
487 2243 660 2322 Hephaestio
674 2243 715 2301 im
727 2238 830 2299 sesinii
841 2258 873 2316 p.
891 2239 943 2297 48.
959 2234 1036 2317 (88)
1050 2227 1228 2333 wimadi&
1266 2224 1268 2261 ¹

113 2323 286 2404 dcatuigsm,
302 2327 395 2388 ἑπέταν
409 2323 451 2385 lla
464 2331 539 2386 κὸλα
557 2330 592 2404 μὲ
607 2323 732 2402 dantium
744 2323 867 2386 ὶλλιὶλοις
883 2319 1076 2400 συνιςτύὶἷνκι,
1089 2312 1150 2394 padi
1169 2329 1229 2372 Μ
1266 2322 1268 2343 “

115 2401 190 2480 ἔχειν,
212 2410 268 2464 uitri
281 2409 327 2472 isia
340 2409 414 2484 uitta
439 2407 678 2490 ποιςιιλιμβαίνηται
704 2405 808 2482 στίχου.
847 2398 925 2457 Nam
939 2395 1020 2476 ‘quid
1034 2407 1082 2455 est
1101 2395 1166 2489 hoc,
1184 2389 1228 2448 duo

117 2485 249 2543 membra
262 2505 321 2543 non
335 2506 419 2564 posse
433 2488 580 2567 conjungi,
597 2504 712 2565 unaque
726 2481 922 2564 pemetuitate
932 2474 1165 2556 comprehendi?
1181 2469 1226 2529 Nu·
1265 2469 1268 2508 ¹

116 2574 213 2624 turam
226 2586 413 2626 numerorum
426 2570 450 2628 si
464 2582 639 2648 spectamus,
660 2566 756 2624 nullus
769 2579 917 2632 numerus,
932 2558 982 2638 qui
996 2556 1119 2637 quidem
1131 2551 1225 2616 absolu·
1265 2553 1268 2590 ¹

114 2656 163 2706 tus
178 2658 208 2706 et
229 2647 343 2727 integer
363 2661 417 2724 est,
442 2650 586 2711 eumalio
610 2648 756 2709 cohaeret:
777 2644 856 2702 unde
878 2659 978 2700 versus
1003 2659 1117 2709 omnes,
1136 2634 1180 2716 <lui
1198 2646 1226 2724 {¹
1264 2613 1268 2707 ¹,

115 2727 246 2807 pluribus
261 2730 409 2789 ordinibus
423 2743 569 2803 constant,
583 2727 743 2810 asynarteti
766 2723 883 2784 dicendi
905 2721 1015 2789 forent,
1056 2722 1102 2780 At
1114 2721 1167 2779 hoc
1178 2731 1226 2806 qm·
1263 2710 1268 2753 ¹

117 2809 184 2869 dem
199 2831 258 2870 non
273 2825 464 2890 respexerunt
485 2812 680 2892 grammatici:
700 2808 752 2869 sed
773 2806 852 2886 quod
865 2804 906 2862 illi
920 2803 1035 2897 dicunt,
1047 2821 1148 2896 uersus
1159 2813 1225 2876 asyn-
1262 2796 1268 2837 ¹

116 2902 227 2950 amatos
250 2911 331 2951 nexu
353 2904 384 2952 et
405 2893 583 2954 cohaerentia
605 2893 760 2953 destitutos
784 2907 858 2959 esse,
882 2905 918 2944 eo
940 2884 1013 2943 mhil
1031 2883 1113 2978 aliud
1135 2879 1224 2976 uolunt,
1261 2875 1268 2919 l

119 2991 207 3050 quam
220 2973 348 3031 diversos
362 2994 498 3035 numeros
511 2977 541 3035 in
556 2995 647 3034 unum
667 2990 782 3032 versum
802 2966 952 3047 conjungi,
976 2966 1028 3045 qui
1048 2964 1224 3058 ⁰b⁴fil1t⁸²
1259 2957 1268 3033 ¹

115 3053 184 3132 quia
197 3053 302 3113 diversi
316 3066 393 3128 sunt,
408 3077 504 3136 neque
517 3057 621 3117 eodem
635 3055 711 3136 pede
731 3052 881 3121 incedunt,
904 3048 992 3108 centis
1016 3048 1047 3105 in
1069 3042 1224 3107 loomim

114 3135 202 3194 unius
215 3137 340 3208 numeri,
354 3138 530 3218 alteriusque
542 3138 658 3202 initium
680 3133 827 3197 observari
848 3132 962 3210 jubent.
1007 3131 1085 3190 Hac
1107 3144 1170 3219 mio
1185 3120 1222 3178 da·

114 3215 209 3277 finitio
223 3218 391 3297 perexiguae
404 3221 536 3281 utilitatis
550 3232 608 3280 est:
629 3218 701 3278 nihil
725 3217 803 3277 enim
828 3214 960 3284 interest,
976 3223 1076 3271 utrum
1089 3206 1218 3303 sisoim·

114 3298 277 3372 dissimiles,
292 3312 388 3360 utrum
404 3303 623 3374 consociabiles,
642 3321 680 3361 an
703 3296 841 3360 contrarii
865 3294 989 3366 numeri,
1003 3305 1104 3355 uirum
1116 3298 1219 3363 mtegoe,

115 3399 154 3440 an
167 3401 227 3441 non
241 3382 361 3461 integrae
376 3385 501 3464 dipodiae
527 3389 769 3462 conjungantur..
795 3376 876 3448 Quid
900 3386 945 3439 esi
969 3375 1060 3449 essim»
1082 3388 1166 3455 quare
1180 3364 1217 3423 Μ

98 3540 101 3545 ἱ
116 3481 252 3523 numeros
266 3478 448 3545 flsyilffl'teios
462 3486 526 3527 esse
540 3465 760 3535 contendamus,
857 3537 866 3550 ι

194 3594 806 3683 υ-ζ-νυ-υυ-υΙ-Ι-υ-υ-υ

196 3710 803 3799 υ-Ι-υ-υ-Ι-υ-Ι-Ι-υ-Ψιι-Ψ]

114 3841 194 3903 hunc
208 3857 306 3906 autem
321 3867 461 3926 negemus
475 3861 674 3931 asynartetum
689 3865 766 3907 esse:

199 3978 822 4066 oLe-o.'.o-lo.‘.o..u.‘.o

114 4114 310 4175 Nihilominus
324 4117 529 4195 grammaticis,
545 4117 595 4195 qui
608 4137 708 4181 versus
722 4136 782 4176 non
796 4117 827 4174 in
841 4112 958 4173 ordines
971 4127 1051 4181 suos,
1076 4102 1126 4166 sed
1142 4100 1205 4183 ΜΓ
1252 4126 1267 4176 4

112 4198 165 4257 des
178 4196 345 4274 dipodiasve
359 4201 534 4260 distribuere
548 4201 775 4272 consuevissent,
799 4199 841 4257 ita
860 4193 954 4254 videri
966 4183 1205 4271 necesseterflitffi

110 4277 212 4358 gulare
226 4298 318 4356 genus
332 4299 406 4353 esse,
420 4282 450 4340 in
465 4301 524 4362 quo
538 4291 638 4359 aperte
652 4281 757 4340 diversi
781 4280 895 4338 numeri
908 4273 1071 4353 dipodiaeue
1085 4288 1101 4329 c

111 4369 218 4420 essent.
261 4360 380 4439 Easque
403 4363 446 4422 illi
467 4374 650 4443 asynartetoa
671 4372 824 4424 vocarunt.
876 4356 965 4421 Unde
986 4352 1149 4418 scholium·
1164 4331 1205 4399 fl*
