2694 4866
367 222 426 285 nn
449 222 608 286 romcrs
629 198 660 284 'A
680 223 870 289 ιιιιοιιι.
971 194 979 199 ’
1123 232 1182 288 ees

56 412 196 458 numeros
216 391 308 472 redigi
329 384 432 474 possit.
471 392 550 453 lllud
573 411 643 454 vero
666 405 797 472 apparet,
826 412 885 452 non
909 393 995 454 facile
1008 392 1074 454 illos
1097 413 1195 475 posse
1308 446 1314 453 .

55 476 224 539 trochaicus
237 475 489 548 omonariosesse,
509 475 589 554 quod
608 474 658 534 hic
677 493 817 535 numerus
829 494 889 535 non
909 476 978 535 satis
1001 495 1069 535 cum
1092 495 1183 534 mem-

55 559 118 621 bris
130 557 269 618 credonis
282 567 359 617 esset
372 555 598 636 conspiraturm.
639 555 747 635 Aptius
760 556 799 616 de
817 567 976 636 systemate
996 557 1184 618 dimetrorum

12 702 16 707 ,
56 638 249 718 cogitaveris:
262 655 441 779 punpmqusm
454 637 480 696 si
493 638 582 697 verba
593 655 769 716 sensumque
782 637 1017 710 consideraveris,
1031 639 1185 718 suspiceris

54 739 155 801 genus
165 719 251 780 metri
293 718 336 792 '‘,
357 718 438 798 quod
460 717 561 792 sciam,
582 717 751 779 inusitatum
772 720 809 779 ab
825 719 921 778 Ennio
942 730 1086 779 tentatum
1110 739 1185 792 esse,

57 801 224 862 trochaicus
237 800 384 859 trimetros
397 800 584 861 acatalectos.
624 798 675 858 Sic
688 799 766 860 enim
786 800 896 880 optime
915 801 1002 860 verbs
1026 812 1115 879 etque
1134 819 1186 882 sp-

57 882 169 943 tissime
182 881 309 941 numeris
319 892 500 962 congrurmtr
1180 886 1183 891 '

127 1013 191 1071 urim
203 1014 248 1087 qui
258 1013 347 1085 lepide
358 1013 475 1085 postulat
485 1011 598 1068 alterum
604 1012 732 1080 frustrari,

128 1084 208 1158 quem
220 1085 368 1153 frustratur,
383 1083 482 1140 t'rirstra
493 1101 554 1139 eum
566 1084 632 1138 dicit
643 1081 740 1139 frustra
752 1100 825 1139 esse:

128 1157 190 1211 nim
203 1156 248 1228 qui
260 1172 317 1211 sese
328 1154 448 1210 castrari
459 1171 536 1226 quem
549 1153 648 1209 frustra
659 1154 750 1221 senor,

129 1227 176 1299 qul
186 1226 335 1293 frustratur,
352 1227 374 1280 ls
385 1225 482 1309 trustra
494 1236 543 1292 est,
559 1243 614 1280 non
625 1225 672 1280 ille
683 1233 724 1280 est
735 1225 838 1281 frustra.

10 1364 15 1373 '
58 1355 127 1418 Non
137 1354 257 1415 dubium
269 1362 432 1426 esttamen,
445 1351 514 1411 alibi
529 1351 657 1412 Sotadeo
670 1363 765 1413 metro
779 1370 863 1412 usum
878 1371 941 1413 esse
953 1352 1090 1414 Ennium.
1111 1356 1188 1416 Nam

57 1456 149 1518 quem
161 1439 223 1516 ejus
236 1451 351 1495 versum
364 1434 460 1495 Varro
473 1432 511 1493 de
525 1433 562 1494 L.
576 1433 613 1493 L.
623 1433 678 1494 IV.
692 1454 721 1514 p.
737 1438 787 1495 18.
803 1453 841 1493 ex
856 1435 952 1494 Asoto
965 1433 1059 1511 affert,

128 1567 202 1626 ibant
213 1567 342 1626 malacim
353 1564 427 1625 viere
436 1565 579 1625 veneriam
592 1567 728 1638 corollam,

58 1695 196 1776 scriptor,
215 1695 510 1776 cujusiragmentum
523 1715 591 1757 cum
607 1695 768 1756 Censorino
791 1694 840 1754 ‘edi
860 1696 977 1756 solitum
1002 1709 1047 1758 est
1068 1719 1098 1778 p.
1123 1706 1190 1763 150.
1283 1747 1290 1761 .

56 1777 193 1837 Ionicum
207 1777 403 1857 septenarium
416 1787 512 1836 vocat.
552 1777 679 1848 Videtur
692 1776 741 1836 ille
755 1787 864 1848 autem,
887 1789 919 1837 ut
935 1777 1066 1856 Scaliger
1079 1792 1120 1839 et·
1134 1782 1192 1841 Co·

56 1857 159 1918 lumna
172 1869 357 1930 monuerunt,
377 1877 417 1919 ex
431 1859 538 1923 Graeco
550 1857 602 1918 illo
611 1857 689 1938 apud
700 1857 942 1939 Hephaestionem
952 1859 1108 1921 translatus
1116 1881 1192 1935 esse,

140 1996 218 2063 ποίοις
231 1995 295 2077 sigo
308 1993 383 2062 ἕιθῡς
396 2002 516 2072 mansis
527 2001 665 2073 μιπὶῖσιιι.

62 2120 155 2203 Aliud
168 2123 206 2184 de
221 2123 317 2185 Ennio
331 2124 531 2184 testimonium
546 2122 638 2183 edidit
652 2123 757 2183 Festus
770 2124 815 2183 his
829 2124 941 2186 verbis:
962 2135 981 2166 ‘⁴
996 2126 1122 2186 Cremo
1136 2145 1193 2188 so·

62 2211 134 2264 “vr
158 2223 350 2266 msanunnss
374 2204 488 2264 Ennius
513 2204 651 2264 Sotadico
672 2223 757 2265 versu
779 2224 870 2285 quum
891 2205 972 2278 dicit,
993 2207 1138 2285 significat
1151 2209 1192 2277 id,

64 2293 86 2323 ‘⁸
99 2287 180 2366 quod
188 2287 264 2348 solet
273 2286 336 2369 lieri
349 2287 379 2345 in
393 2287 487 2346 insula
501 2287 613 2366 Cypro,
627 2287 657 2344 in
671 2304 730 2364 qua
742 2286 832 2347 boves
845 2287 973 2347 humano
985 2299 1115 2349 stercore
1128 2305 1194 2367 pss-

66 2371 85 2410 “
99 2379 214 2428 cuntur.
256 2368 339 2427 Idem
353 2387 443 2448 quum
463 2367 546 2439 dicit,
567 2383 717 2430 esosrss
742 2385 887 2440 sensus,
911 2387 969 2429 us1
992 2386 1194 2431 ceurennum
1246 2370 1250 2381 ’

66 2453 85 2488 “
100 2466 204 2510 onnus
219 2468 365 2511 rrscrnus
379 2466 556 2521 enscrrur,
577 2467 641 2509 esse
654 2449 789 2528 paludem
804 2451 993 2524 demonstrat,
1013 2452 1044 2510 in
1058 2469 1116 2531 qus
1128 2470 1195 2511 nas·

10 2590 12 2595 ,
66 2535 88 2571 “
99 2540 206 2590 cuntur
215 2530 309 2610 pisces
317 2530 424 2590 similes
433 2531 610 2603 ranunculis,
620 2550 694 2609 quos
703 2551 773 2591 oves
786 2542 964 2605 consectatae
974 2532 1090 2594 edant.”
1111 2533 1194 2593 Neu·

68 2620 141 2671 trum
152 2611 347 2692 fragmentum
360 2612 488 2672 numeris
503 2611 611 2672 Ionicis
624 2621 798 2691 repugnare,
819 2613 850 2671 in
863 2625 1001 2693 promptu
1012 2626 1066 2674 est.
1101 2613 1193 2674 Aliud

70 2690 168 2752 eodem
191 2704 285 2754 metro
307 2693 447 2774 scriptum
467 2693 665 2774 fragmentum
685 2695 773 2754 Asoti
786 2693 865 2754 idem
879 2695 982 2754 Festus
995 2695 1026 2754 in
1039 2715 1068 2756 v.
1083 2704 1194 2755 tonsam

10 2778 30 2813 '·
72 2772 206 2835 emur:

10 2980 17 3021 t
133 2907 718 2983 eliusinnutvsltnagnsteneretdnnn.

10 3050 14 3081 ι
78 3008 110 3072 Et
121 3013 234 3093 reliqua
245 3033 361 3094 quoque
374 3014 548 3093 fragments,
570 3033 636 3093 quse
649 3015 695 3074 vel
710 3015 838 3075 citantur
851 3033 890 3074 ex
905 3016 1010 3087 Asoto,
1031 3015 1078 3076 rel
1097 3034 1116 3076 a
1136 3015 1194 3077 Co·

27 3158 31 3167 ,
77 3089 164 3154 lamna
183 3094 223 3155 ad
242 3113 360 3156 carmen
379 3094 458 3156 istud
471 3096 563 3156 relata
575 3106 655 3171 sunt,
675 3095 784 3156 ionicis
798 3096 933 3157 ridentur
945 3098 1073 3157 numeris
1086 3096 1195 3176 scripta

31 3236 62 3283 Τ
78 3187 155 3317 mles.
176 3256 313 3317 Plautum
336 3255 448 3318 Ionicis
472 3275 492 3317 a
510 3260 619 3335 majore
640 3276 723 3316 usum
739 3276 812 3329 esse,
833 3257 877 3316 uti
891 3268 1015 3331 certum,
1035 3259 1077 3318 ita
1089 3258 1195 3333 mirum

11 3394 13 3399 .
62 3344 121 3409 ,att
140 3356 242 3415 quum,
262 3336 342 3416 quod
354 3339 455 3413 sciam,
474 3354 536 3397 non
555 3338 720 3398 inveniatur
739 3339 797 3398 hoc
821 3350 947 3397 metrum
971 3340 1050 3417 apud
1071 3339 1194 3400 Grecos

48 3488 52 3495 Ι
76 3417 203 3480 amicos.
245 3419 342 3479 Locos
355 3420 505 3480 observavi
518 3419 617 3481 hosce.
658 3419 694 3480 In
705 3419 858 3480 Aulularia
871 3419 913 3478 Il.
930 3425 957 3493 l,
974 3425 1023 3482 30.

10 3530 39 3543 Μ
136 3549 274 3619 ΕἾ.·Ιιέίιι,
289 3551 419 3621 hdcface,
436 3552 632 3625 quddtejubet
646 3553 728 3609 soror.
763 3554 803 3607 M.
816 3554 838 3607 si
846 3553 944 3619 lubeat,
961 3551 1065 3608 liciam.

10 3652 22 3689 ι
108 3680 112 3699 Ι
136 3620 192 3679 BV.
202 3622 233 3677 iu
244 3639 300 3678 rem
311 3623 443 3695 hoctuam
456 3634 506 3679 est.
544 3624 584 3678 M.
594 3625 624 3677 ut
637 3624 742 3695 quidem
755 3624 876 3691 emoritr,
893 3625 1043 3696 priusquam
1057 3623 1161 3680 ducam.

12 3692 25 3751 '.
89 3693 105 3739 ⁸
134 3689 388 3782 hisltgibussedsssi,
405 3711 506 3778 soron.
547 3695 589 3748 dm
602 3696 641 3749 vis
652 3695 723 3760 dare,
742 3695 845 3762 ducam,

138 3903 190 3961 BV.
202 3905 280 3978 qrrdm
292 3907 417 3961 mdxums
428 3907 537 3977 possim
548 3908 606 3973 tibi,
623 3907 714 3973 fricet,
732 3908 796 3961 dare
805 3906 882 3963 dote:

138 3974 182 4031 add
193 3987 234 4032 est
243 3976 368 4048 grindior
379 3978 454 4045 nitu,
473 3978 562 4034 media
574 3977 615 4033 est
626 3978 745 4033 mulieris
758 3977 841 4033 setas.

80 4039 111 4091 ¹⁰
138 4046 193 4103 stu
204 4048 228 4104 si
235 4050 323 4120 jubes,
339 4048 430 4118 nster,
447 4049 495 4105 tibi
510 4049 552 4105 me
562 4049 681 4121 poscere,
698 4050 816 4121 poscam.

80 4144 223 4242 ”spino
235 4168 340 4232 horum
353 4190 489 4232 versuum
503 4190 562 4234 non
576 4170 762 4242 contendam,
782 4169 806 4229 si
822 4168 886 4249 quis
900 4187 967 4230 eum
987 4169 1208 4251 anapesticurn'

11 4261 37 4308 r*
78 4242 272 4328 “terensem
294 4271 352 4332 quo
365 4265 471 4328 metro,
492 4255 541 4332 qui
554 4252 736 4334 praecedunt,
757 4249 857 4331 scripti
871 4263 949 4312 sunt.
992 4252 1111 4314 Tertius
1133 4264 1197 4312 ver·
